4584 5686
1101 283 1147 410 7..

420 543 489 610 *Oui
511 543 772 626 interpretationi
795 544 940 624 quamvis
962 542 1107 616 nonnihil
1129 543 1200 608 veri
1222 542 1315 622 insit,
1344 545 1453 606 tamen
1480 540 1539 606 boc
1562 542 1632 608 loco
1655 559 1767 610 seruus
1784 544 1952 626 'respicere
1982 575 1985 583 ·

270 675 292 719 a
313 649 462 719 Sallustii
484 642 592 716 11111111
613 646 845 717 alienissimum
866 647 969 714 fuisse
990 646 1069 714 mihi
1092 646 1219 728 quidem
1242 645 1318 726 quid
1344 643 1474 710 ineunte
1500 645 1604 724 primo
1632 645 1739 728 capito
1767 649 1950 730 exposuerit

268 754 435 836 reputanti
466 751 610 831 videtum
643 749 719 838 illic¹
744 749 828 816 euim
861 749 960 818 animi
992 749 1126 831 imperio
1154 748 1312 830 simulque
1340 748 1481 832 corporis
1510 750 1644 816 servitio
1666 750 1716 816 uti
1737 735 1881 816 homines
1902 751 1952 820 ita

269 859 393 934 docrrit,
422 861 459 922 ut
486 857 663 939 quicunque
691 853 816 938 corpori
844 853 906 920 soli
932 853 1079 920 serviant
1103 853 1146 918 ab
1168 871 1222 932 eo,
1246 853 1288 916 ad
1310 852 1394 933 quod
1414 853 1485 918 nati
1506 853 1730 946 procreatique
1752 853 1832 934 sint,
1854 854 1951 936 plane

268 960 421 1028 recedere
443 963 609 1050 appareat.
653 957 728 1024 Hoc
749 957 851 1038 igitur
874 956 913 1022 de
941 975 1003 1038 quo
1030 955 1157 1052 agimus
1189 955 1260 1020 loco
1289 954 1379 1035 quid,
1411 973 1543 1036 quaeso,
1573 960 1625 1020 est
1646 944 1833 1023 credibilius
1856 976 1951 1039 quam

268 1064 458 1132 Sallustium
485 1064 567 1130 haec
594 1060 749 1153 sensisse:
785 1059 867 1126 Cum
894 1077 915 1124 a
942 1059 1108 1141 republica
1134 1057 1356 1134 recessissem,
1383 1077 1487 1140 neque
1509 1058 1651 1124 desidiae
1674 1063 1776 1126 totum
1799 1080 1850 1126 1111
1872 1061 1951 1128 dare

161 1195 164 1201 ,
266 1167 417 1234 tolebam
439 1185 541 1248 neque
562 1165 631 1230 tale
652 1164 793 1231 studium
815 1163 914 1244 inire,
937 1163 1024 1245 quali
1046 1181 1097 1228 me
1119 1162 1262 1244 corporis
1284 1179 1381 1228 curae
1402 1161 1495 1230 unice
1518 1163 1713 1230 seruientem
1732 1169 1950 1244 praestarem3

268 1271 386 1338 iccirco
408 1270 449 1336 ab
472 1268 672 1352 agricultura
694 1270 728 1333 et
749 1267 931 1348 venatione,
955 1267 1070 1348 quippe
1094 1284 1226 1347 quorum
1248 1265 1425 1332 studiorum
1447 1271 1616 1346 utrumque
1638 1270 1690 1331 est
1710 1283 1752 1332 ea
1773 1285 1854 1348 quae
1874 1271 1950 1336 suut

270 1375 311 1440 ad
333 1373 475 1455 corporis
498 1369 774 1442 conservationem
795 1370 981 1438 necessaria
1003 1369 1271 1450 comparantium,
1295 1365 1540 1448 dissentiebarn,
1563 1369 1718 1464 quoniam
1734 1370 1769 1436 in
1791 1371 1873 1437 baec
1894 1390 1950 1438 ne·

268 1477 360 1559 gotia
380 1476 559 1558 voluptatis
581 1474 635 1544 vel
656 1473 866 1540 recreationis
890 1474 999 1556 gratia
1025 1471 1201 1554 paullulum
1227 1473 1411 1565 incumbere
1437 1477 1490 1538 est
1517 1471 1619 1553 uliud,
1648 1472 1737 1539 aliud
1764 1474 1949 1556 quotidiano

268 1600 344 1660 usu,
368 1579 519 1662 quamdiu
539 1579 652 1646 vivere
673 1577 800 1658 licebit,
824 1578 858 1644 in
879 1577 921 1643 iis
942 1593 1162 1658 perseverare.
1207 1575 1300 1642 Unde
1322 1579 1429 1658 patet.
1458 1575 1512 1658 qui
1533 1593 1592 1656 per
1612 1579 1716 1642 totam
1737 1577 1839 1644 vitam
1861 1578 1949 1662 agri·

270 1685 415 1750 culturae
439 1687 496 1749 aut
516 1681 682 1750 venationi
704 1681 831 1747 deditus
849 1681 913 1760 sit,
941 1698 1014 1746 euru
1041 1680 1166 1745 demum
1194 1678 1299 1746 officio
1327 1679 1439 1746 servili
1466 1677 1560 1759 fungi
1583 1698 1603 1744 a
1624 1677 1779 1746 Sallustio
1803 1683 1851 1747 ita
1872 1681 1946 1761 dici,

266 1792 304 1854 ut
326 1786 435 1853 officia
455 1785 589 1853 sentus
610 1792 693 1863 esse,
717 1803 798 1866 quae
820 1784 863 1850 nd
883 1784 1005 1880 victum
1028 1783 1209 1863 cultumque
1232 1781 1450 1864 quotidianum
1471 1782 1665 1864 pertineant,
1688 1783 1819 1865 liqueat.

423 1889 541 1956 Totum
562 1889 664 1970 igitur
685 1888 790 1954 locum
812 1887 996 1970 germanice
1019 1887 1067 1954 sic
1094 1886 1180 1954 verti
1207 1885 1390 1954 maluerim:
1426 1886 1570 1964 „Weder
1601 1886 1659 1968 lag
1690 1905 1726 1954 es
1759 1888 1793 1953 in
1825 1889 1949 1956 meiner

267 1993 423 2074 Absicht‚
446 1993 550 2058 meine
572 1991 861 2074 gutuerwendbare
883 1991 992 2056 illusse
1019 1990 1079 2055 mit
1105 1990 1303 2056 Nichtsthun
1331 2008 1372 2054 nu
1399 1990 1599 2070 uergeudcn,
1626 1991 1709 2056 noch
1736 1991 1833 2072 auch,
1862 1993 1947 2060 mein

266 2097 380 2162 leben
400 2096 460 2162 mit
474 2095 651 2161 Ackerbau
673 2093 750 2162 oder
772 2093 830 2160 der
850 2092 942 2175 Jagd
962 2093 1208 2186 hinzubringen,
1231 2091 1543 2175 Beschiiitigungen,
1567 2092 1620 2158 die
1643 2093 1714 2159 dem
1735 2094 1946 2175 praktischen
2020 2145 2023 2152 .

266 2199 515 2266 Lebensbedart‘
534 2197 700 2264 dienstbar
727 2196 829 2264 sind“
876 2195 967 2280 Quae
994 2197 1143 2263 vocabuli
1171 2198 1348 2276 „reruilie‘'·
1382 2195 1471 2262 notio
1502 2196 1612 2263 nescio
1645 2215 1692 2262 an
1720 2215 1812 2279 quem
1842 2197 1946 2279 primo
2006 2217 2009 2222 ·

266 2305 379 2369 obtutu
401 2302 556 2382 offendat;
583 2301 641 2368 sed
669 2319 740 2368 curn
762 2300 957 2368 adieetivum
980 2301 1158 2378 ,1111111111ίι
1180 2316 1311 2379 prorsus
1334 2297 1447 2366 eadem
1468 2299 1595 2366 ratione
1618 2319 1638 2365 a
1659 2301 1759 2366 verbo
1779 2301 1944 2372 serviendi

266 2405 445 2472 derivatum
468 2405 527 2484 sit,
550 2423 627 2486 qua,
650 2403 742 2470 utin
764 2422 826 2469 uno
849 2402 994 2484 exemplo
1016 2401 1232 2483 acquiescam,
1256 2403 1404 2488 ‚darida
1429 2402 1601 2470 tturrlicld‘
1631 2403 1772 2471 averbo
1794 2404 1943 2490 faciendi,

264 2508 412 2590 equidem
436 2507 516 2574 illud
537 2507 595 2574 ilia
614 2507 809 2589 praegnanti
830 2511 993 2588 potestate
1015 2505 1076 2572 hoc
1098 2505 1168 2570 loco
1190 2505 1337 2586 accipere
1365 2522 1429 2570 nou
1455 2504 1581 2586 dubitc;
1610 2507 1694 2587 quod
1721 2526 1816 2589 quum
1842 2527 1945 2576 nexus

264 2611 497 2679 sententiarum
518 2609 703 2692 suppeditat
725 2615 793 2676 tum
814 2609 952 2676 maxime
975 2597 1090 2674 cares
1113 2607 1215 2685 docet,
1239 2609 1323 2690 quod
1337 2607 1512 2698 Sallu2tius
1534 2609 1707 2678 servilibus
1730 2609 1845 2678 officiis
1867 2614 1942 2680 sub·

263 2714 337 2780 inde
360 2713 501 2780 studium
523 2713 705 2780 litterarum
726 2713 858 2795 opponit
879 2731 976 2794 seque
998 2727 1052 2777 res
1075 2713 1187 2793 gestus
1209 2711 1409 2793 perscribere
1431 2711 1588 2778 matutae
1610 2720 1845 2783 commemorat.

418 2816 495 2883 Jam
533 2814 713 2898 quaeritur,
746 2821 853 2882 utrum
886 2816 1029 2881 codicum
1061 2815 1157 2896 longe
1189 2812 1397 2895 plurimorum
1434 2815 1595 2896 scriptura
1634 2838 1677 2896 „a
1710 2835 1777 2901 quo
1810 2823 1943 2905 incepto

264 2922 401 2988 studio“
425 2938 467 2985 an
488 2919 673 3001 pauciorum
696 2943 743 2998 „u
764 2937 832 3003 quo
854 2921 988 3002 incepto
1011 2921 1214 3001 atrrdtoqoa
1237 2918 1378 2984 tenenda
1399 2919 1452 2984 sit.
1886 2999 1889 3006 Ι

369 3103 372 3116 Ι
419 3024 515 3088 Hanc
543 3022 680 3088 alteram
707 3022 915 3104 scripturam,
944 3041 1038 3104 quam
1065 3021 1130 3086 iam
1157 3016 1404 3102 Hauercampus
1431 3021 1597 3102 amplexus
1630 3027 1696 3096 est,
1731 3041 1839 3089 omnes
1872 3026 1943 3093 fere

262 3125 460 3192 recentiores
488 3123 636 3194 Sallustii
663 3125 819 3206 editores,
848 3125 938 3192 uelut
964 3121 1131 3202 Kritzius,
1153 3124 1358 3204 Dietschius,
1380 3123 1560 3204 Jordanus,
1583 3124 1655 3206 alii,
1678 3125 1727 3191 1111
1747 3127 1848 3209 priori
1870 3148 1942 3195 eam

264 3231 304 3294 ob
327 3247 459 3295 causam
479 3227 677 3311 praetulere,
700 3229 783 3310 quod
804 3227 995 3312 particulam
1019 3232 1126 3310 „quc“
1149 3245 1299 3294 armore
1326 3228 1466 3294 auctoris
1493 3227 1553 3294 hoc
1582 3227 1704 3311 quoque
1738 3230 1807 3296 loco
1841 3232 1942 3314 expli·

264 3331 357 3398 candi
379 3333 488 3414 gratia
509 3337 719 3416 antegressae
747 3333 820 3400 voci
849 3333 1007 3412 ‚,atrrdic“
1036 3330 1165 3396 adfixam
1193 3349 1265 3397 esse
1299 3330 1521 3414 opinabantur.
1576 3331 1692 3413 itaque
1725 3331 1875 3401 Kritzius
1908 3335 1942 3408 in

264 3435 501 3502 commentariis
524 3437 675 3520 explicat,
699 3439 911 3522 „apamenus
935 3435 1087 3516 generale
1108 3435 1242 3500 verbum
1265 3454 1347 3514 csse,
1371 3436 1423 3502 cui
1445 3440 1558 3501 auctor
1578 3436 1802 3518 explicationis
1825 3457 1942 3505 caussa

263 3540 375 3605 statim
397 3537 599 3605 subiunxerit
622 3541 854 3623 „sludioque“,
877 3543 922 3617 ut,
946 3537 1039 3618 quale
1062 3536 1142 3603 illud
1164 3537 1326 3619 inceptum
1348 3537 1475 3618 suisset,
1498 3537 1745 3622 intelligeretur.
1783 3542 1941 3622 Equidem

262 3643 369 3723 miror,
393 3643 476 3726 quod
496 3643 550 3709 hic
571 3642 623 3708 vir
643 3646 712 3708 tarn
734 3642 846 3707 doctus
869 3659 907 3706 ac
928 3658 1007 3721 prae
1029 3641 1146 3706 ceteris
1168 3643 1236 3707 tam
1258 3642 1428 3723 perspicax
1449 3641 1483 3708 in
1505 3661 1540 3708 re
1563 3649 1631 3707 tam
1652 3643 1750 3723 plana
1770 3643 1941 3727 tantopere

262 3765 296 3813 se
318 3747 416 3813 torsit
438 3751 482 3825 et,
505 3746 671 3813 dummodo
693 3743 843 3828 scriptori
865 3762 957 3810 usum
979 3744 1168 3811 elocutionis
1189 3749 1278 3810 recte
1302 3747 1507 3812 observatum
1530 3745 1630 3811 etiam
1650 3747 1711 3812 hoc
1737 3745 1808 3813 loco
1834 3747 1940 3815 vindi-

262 3855 360 3930 caret,
384 3849 661 3933 interpretationis
682 3849 842 3915 rationem
863 3845 959 3914 nimis
982 3847 1198 3926 artificiosam,
1222 3867 1285 3929 qua
1306 3847 1386 3914 nihil
1409 3848 1496 3914 aliud
1518 3847 1658 3915 efficitur
1673 3868 1768 3931 quam
1782 3856 1819 3916 ut
1833 3869 1939 3918 sermo

261 3954 465 4036 languescat,
488 3953 654 4036 ingressus
676 3957 742 4031 est;
764 3970 824 4017 nec
846 3951 949 4017 minus
971 3951 1083 4032 miror,
1108 3951 1190 4034 quod
1212 3970 1248 4016 se
1275 3970 1339 4017 non
1367 3951 1549 4034 intelligere
1578 3953 1672 4033 dicit,
1707 3955 1876 4034 quomodo,
1911 3955 1940 4022 si

262 4061 374 4123 auctor
402 4077 445 4125 ..u
475 4074 542 4139 qno
569 4059 703 4141 incepto
725 4058 861 4122 atudio“
896 4055 1095 4136 scripsisset,
1129 4053 1255 4121 librarii
1284 4061 1392 4139 ‚auc“
1420 4057 1539 4124 addere
1566 4057 1739 4136 potuerint.
1784 4057 1939 4125 Proiecto

261 4159 410 4226 Kritzius
433 4158 475 4223 ad
496 4159 578 4225 hanc
600 4157 846 4240 explicationem
868 4176 931 4224 non
959 4159 1172 4242 confugisset,
1201 4158 1229 4223 si
1257 4161 1291 4224 11
1319 4177 1435 4225 nexum
1467 4159 1698 4242 cogitationum
1731 4162 1940 4228 observasset

261 4271 295 4330 et
317 4262 556 4346 simplicitatem
578 4262 714 4328 maxime
742 4261 932 4329 elocutionis
959 4263 1166 4345 respexisset.
1223 4263 1310 4348 Quid
1341 4263 1441 4342 eninr,
1476 4282 1610 4345 quaeso,
1644 4261 1773 4330 facilius
1806 4271 1858 4332 est
1890 4267 1939 4332 in·

260 4367 394 4432 tellectu
416 4385 509 4448 quarn
531 4365 603 4447 ipsa
624 4365 755 4432 huiusce
778 4365 840 4431 loci
863 4365 1049 4431 sententias>
1075 4367 1248 4433 Sallustius
1272 4385 1343 4431 cum
1365 4366 1484 4432 dixerit
1507 4367 1708 4448 compressis,
1732 4369 1815 4449 quod
1838 4370 1937 4449 aiunt,

258 4471 406 4536 manibus
430 4470 541 4536 sedere
568 4489 603 4535 sc
625 4467 776 4550 noluisse,
800 4467 842 4533 ad
864 4469 949 4536 idem
970 4470 1121 4539 studium.
1145 4473 1228 4551 quod
1250 4470 1436 4536 adolescens
1459 4469 1523 4536 iam
1545 4471 1729 4551 incepisset,
1754 4491 1788 4536 se
1811 4457 1938 4556 regres-

260 4593 329 4639 sum
352 4592 424 4640 esse
446 4577 568 4639 narrat.
613 4571 706 4658 Quod
728 4571 820 4654 quale
843 4571 958 4650 tuerit,
981 4579 1015 4638 ct
1037 4592 1077 4638 ex
1099 4573 1306 4654 sequentibus
1328 4574 1438 4640 verbis
1467 4577 1596 4652 „statui
1623 4594 1683 4639 res
1710 4582 1828 4660 9111111
1853 4597 1936 4658 prr·
2060 4585 2064 4594 ’

259 4678 432 4744 scribare*
456 4675 650 4758 intelligitur
672 4681 705 4742 et
727 4677 798 4758 ipse
820 4676 853 4741 in
876 4694 924 4757 ep.
948 4677 985 4743 Π
1006 4677 1050 4741 ad·
1070 4676 1165 4742 Caes.
1189 4695 1257 4758 cap.
1285 4682 1324 4741 10
1346 4681 1474 4754 namet,
1497 4677 1552 4742 ubi
1574 4675 1727 4759 legimus:
1761 4679 1934 4756 Postquam

259 4779 337 4846 milri
360 4786 452 4845 aetas
475 4779 699 4863 ingeniumque
721 4781 873 4858 adolevit,
896 4779 981 4846 haud
1003 4781 1103 4846 ferme
1126 4780 1225 4846 armis
1247 4784 1344 4862 atque
1367 4779 1457 4862 equis
1480 4800 1594 4862 corpus
1617 4783 1761 4850 exercui.
1789 4781 1845 4844 scd
1869 4782 1936 4846 ani-

252 4903 343 4950 mum
366 4884 399 4948 in
421 4883 542 4950 litteris
565 4883 698 4965 agitari.

413 4985 553 5052 Accedit
576 4991 683 5052 autem
710 4987 808 5053 etiam
836 4987 917 5052 haec
943 5005 996 5052 res
1025 5007 1087 5052 non
1115 4988 1197 5054 levis
1230 4989 1393 5055 momenti.
1450 4986 1486 5053 Si
1520 5007 1590 5054 cum
1624 4987 1755 5053 Kritnio
1788 4989 1934 5054 1111111111

258 5095 367 5172 ,‚quc“
390 5089 615 5170 explicativam
638 5089 742 5154 textui
764 5088 972 5169 admittimus,
996 5111 1105 5156 uocem
1130 5094 1307 5177 ,1111111111ιι
1329 5092 1362 5158 ui
1377 5090 1514 5156 nominis
1530 5090 1724 5157 substantivi
1741 5091 1936 5172 mciqriarrrrrs
