4584 5686
755 1658 827 1774 Ilo
867 1657 992 1774 locis
1028 1655 1223 1796 aliquot
1257 1655 1583 1776 sallustianis

1098 1864 1231 1947 scripsit

713 2145 716 2156 Ι
820 2021 906 2110 Dr.
937 2021 1212 2114 liridericus
1244 2021 1501 2114 Gruondel.

426 2330 500 2402 Get.
524 2349 593 2414 cap.
617 2335 637 2396 3
660 2333 678 2408 5
701 2335 721 2396 2
743 2348 785 2396 ex
806 2330 1002 2398 auctoritate
1023 2330 1233 2415 plurimorum
1252 2329 1564 2414 manuscriptorum
1577 2330 1677 2416 vulgo
1691 2331 1810 2400 haecce
1836 2330 2004 2415 leguntur:

478 2451 564 2532 ,Aa
578 2451 657 2518 mihi
685 2449 827 2532 quidem,
859 2451 994 2517 tametsi
1019 2451 1265 2534 haudquaquam
1288 2470 1349 2534 par
1370 2450 1477 2536 gloria
1502 2451 1647 2534 sequitur
1668 2452 1858 2535 scriptorem
1879 2454 1914 2519 et
1935 2469 2003 2519 ao·

320 2561 471 2626 ctorem
492 2571 614 2634 rerum,
637 2557 747 2619 tamen
769 2553 938 2637 inprimis
961 2552 1095 2620 arduum
1116 2553 1246 2622 videtur
1266 2572 1320 2622 res
1343 2557 1456 2638 gestas
1478 2554 1621 2621 scribere
1643 2559 1727 2622 oet.“

478 2709 571 2796 Quae
593 2709 755 2791 scriptura
777 2709 923 2791 quamvis
945 2709 1007 2778 fide
1030 2710 1174 2778 codicum
1195 2709 1489 2777 vetustissimorum
1516 2709 1719 2778 confirmetur
1745 2729 1848 2794 neque
1873 2711 2004 2794 habeat,

321 2819 358 2886 in
378 2835 441 2900 quo
463 2815 518 2897 qui
540 2812 757 2896 cogitatorum
777 2819 895 2878 nexum
917 2813 1038 2880 attenti
1059 2817 1135 2881 sunt
1155 2813 1319 2896 persecuti
1339 2812 1517 2894 haesitent,
1540 2831 1561 2880 a
1581 2813 1742 2881 nonnullis
1763 2819 1873 2882 temen
1893 2833 2004 2882 recen·

320 2921 460 2989 tioribus
482 2916 681 3005 {editoribus
707 2914 799 2983 velut
826 2934 848 2980 a
873 2915 1045 2985 Dietsclrio
1066 2922 1101 2984 et
1127 2916 1284 2984 Jacobsio
1305 2915 1386 2984 viris
1409 2906 1605 2984 doctissimis
1624 2917 1748 2984 reiecta
1769 2923 1804 2984 et
1824 2917 2005 3002 scripturae

323 3019 533 3114 ‚,oclorem“,
556 3035 651 3101 quom
672 3017 730 3084 alii
752 3017 879 3084 codices
901 3020 1066 3099 exhibent,
1086 3020 1276 3103 posthabita
1297 3023 1358 3086 ost
1403 3017 1548 3104 Quarum
1567 3038 1682 3088 vocum
1702 3025 1779 3088 utra
1799 3021 1941 3105 genuina
1961 3022 2006 3088 sit

323 3165 366 3175 -
389 3123 538 3208 quoniam
558 3139 655 3188 unam
675 3121 896 3188 tantummodo
918 3122 953 3190 in
973 3126 1099 3191 textum
1126 3122 1255 3192 admitti
1281 3141 1379 3206 posse
1404 3140 1464 3204 per
1490 3140 1527 3190 se
1553 3127 1647 3205 patet
1667 3161 1710 3170 —
1731 3128 1822 3192 recte
1854 3130 1891 3191 ut
1923 3124 2005 3192 iudi·

323 3247 443 3309 cemus,
467 3243 562 3310 quum
583 3229 688 3292 totum
708 3223 841 3292 huiusce
862 3223 927 3292 Ioci
947 3226 1182 3294 sententiarum
1203 3245 1320 3294 nexum
1341 3225 1539 3308 mquiramus
1559 3230 1629 3292 tum
1650 3227 1789 3294 maxime
1809 3227 1885 3310 quid
1899 3227 2004 3296 Sallu·

321 3333 407 3401 stius
433 3328 637 3415 praegressis
665 3327 772 3395 dicere
798 3327 941 3396 voluerit
967 3329 1210 3397 accuratissime
1238 3329 1455 3396 examinemus
1482 3332 1619 3412 oportet.
1663 3329 1874 3414 Praegremis
1896 3337 2005 3398 autem

322 3455 398 3506 cnm
417 3434 513 3519 plane
535 3431 729 3514 exposuerit,
751 3431 856 3498 cnivis
876 3433 997 3500 homini
1019 3433 1061 3500 ad
1074 3434 1176 3501 vitam
1191 3433 1290 3516 digne
1303 3431 1547 3516 transigendam
1561 3431 1849 3518 perfruendumque
1863 3433 2006 3502 studium

324 3538 461 3610 alicuius
482 3535 607 3619 negotii
633 3539 692 3601 ant
716 3534 1058 3618 praeclari.facinoris
1085 3536 1304 3603 necessarium
1336 3553 1424 3616 esse,
1458 3553 1519 3617 qno
1553 3535 1616 3602 sibi
1649 3536 1786 3620 gloriam
1818 3555 2004 3621 comparare
2044 3577 2048 3584 ·

322 3648 450 3728 posset,
470 3658 531 3724 pro
552 3657 613 3706 sua
634 3638 748 3722 cuique
770 3638 873 3720 ipsius
893 3644 1012 3707 natura
1038 3645 1136 3723 atque
1163 3638 1270 3707 indole
1297 3639 1368 3707 sive
1394 3655 1476 3722 pace
1502 3637 1574 3705 sive
1606 3639 1692 3706 bello
1725 3641 1848 3708 aditum
1879 3640 2005 3725 gloriae

324 3752 438 3830 patere
460 3741 611 3812 affirmat.
655 3741 729 3808 Hoc
752 3736 860 3810 autem
880 3742 930 3808 ita
950 3761 1024 3811 sese
1045 3744 1167 3811 habere
1194 3762 1255 3826 quo
1282 3743 1388 3826 magis
1414 3740 1449 3808 in
1479 3745 1628 3825 promptu
1661 3744 1720 3825 sit,
1754 3744 1816 3811 dno
1848 3744 2006 3826 bipartite

324 3848 474 3931 exempla
496 3865 517 3914 a
537 3844 735 3926 temporibus
758 3851 793 3912 et
813 3844 893 3912 belli
915 3851 949 3912 et
969 3846 1060 3928 pacis
1080 3846 1187 3930 petita
1208 3846 1356 3929 adiungit
1377 3850 1446 3911 tum
1467 3845 1550 3912 bene
1574 3845 1685 3913 facere
1711 3846 1909 3929 reipublicae
1935 3847 2005 3930 pol·

325 3953 438 4020 clrrunr
457 3955 527 4018 tum
548 3949 631 4015 bene
654 3949 761 4016 dicere
783 3948 869 4016 haud
890 3949 1064 4016 absurdum
1086 3967 1168 4031 esse,
1195 3968 1260 4016 non
1280 3948 1373 4016 modo
1395 3948 1451 4030 qui
1471 3948 1535 4031 ipsi
1556 3967 1610 4017 res
1632 3950 1804 4032 gesserint,
1826 3951 2006 4018 sedetiam

326 4055 382 4138 qui
402 4071 457 4121 res
479 4055 520 4121 ab
544 4051 618 4119 aliis
640 4055 753 4134 gestas
776 4053 966 4135 scripserint
987 4051 1105 4120 multos
1132 4052 1227 4120 laude
1255 4051 1343 4120 affici
1369 4050 1532 4133 profitens.
1587 4053 1653 4120 His
1684 4052 1787 4136 igitur
1817 4055 2007 4136 praemissis

324 4156 501 4227 Sallustius
524 4156 566 4223 ad
587 4155 782 4223 sententiam
802 4155 936 4223 huiusce
957 4156 1060 4238 ipsius
1081 4155 1159 4236 loci,
1182 4175 1203 4223 a
1230 4174 1290 4237 quo
1318 4158 1390 4222 tota
1417 4155 1565 4236 quaestio
1591 4155 1740 4238 profecta
1771 4161 1836 4237 est,
1869 4159 2008 4238 transit;

325 4281 411 4346 quae
433 4260 537 4344 qualis
559 4261 621 4339 sit,
642 4277 707 4327 non
727 4259 793 4325 iam
815 4258 1008 4327 dubitationi
1036 4260 1206 4327 obnoxium
1232 4276 1306 4326 esse
1332 4262 1451 4341 potest.
1500 4259 1654 4326 Proiecto
1687 4259 1772 4326 enim
1804 4261 1885 4328 nihil
1917 4259 2007 4328 aliud

327 4367 436 4434 dicere
456 4363 528 4431 vult
547 4364 612 4430 nisi
637 4363 733 4430 haec:
765 4361 979 4448 Quantumvis
1007 4362 1138 4431 difficile
1170 4363 1216 4430 sit
1246 4363 1344 4429 robus
1377 4361 1528 4445 gerendis
1561 4362 1698 4447 gloriam
1731 4363 1795 4431 sibi
1827 4365 2004 4447 acquirere,

325 4475 437 4538 tamen
457 4466 558 4534 multo
580 4467 679 4535 etiam
701 4463 864 4533 difficilius
886 4468 950 4534 sibi
972 4466 1101 4558 quidem
1120 4466 1226 4534 mderi
1247 4464 1427 4532 scribendis
1447 4466 1546 4532 rebus
1560 4466 1663 4548 gestis
1679 4483 1752 4532 eam
1766 4467 1926 4548 consequi,
1940 4484 2005 4534 non

327 4574 420 4641 modo
442 4571 526 4654 quod
547 4570 635 4637 dicta
655 4587 782 4652 semper
803 4569 963 4638 factorum
982 4575 1135 4652 tanquam
1157 4569 1262 4636 instar
1283 4585 1356 4635 esse
1379 4567 1534 4649 debeant,
1560 4569 1619 4636 sed
1647 4570 1746 4637 etiam
1772 4569 1856 4652 quod
1875 4553 2004 4650 plurimi

326 4695 453 4755 eorum,
477 4674 532 4757 qui
554 4672 682 4756 legunt,
709 4672 800 4739 iacta
821 4692 842 4741 a
862 4674 1020 4756 scriptore
1041 4673 1095 4741 vel
1117 4671 1338 4740 amantissimo
1360 4671 1433 4739 veri
1454 4678 1703 4740 commemorata
1724 4677 1780 4740 aut
1801 4671 1912 4754 aequis
1935 4675 2003 4741 aui·

328 4780 390 4848 uris
413 4779 560 4860 accipere
582 4782 639 4844 aut
660 4776 798 4860 gloriam
818 4776 889 4844 sive
910 4763 1139 4860 tmpitudinem
1161 4794 1271 4844 eorum
1293 4775 1333 4843 de
1348 4775 1508 4842 industria
1521 4783 1754 4860 exaggeratam
1769 4793 1842 4842 esse
1856 4776 2005 4859 opinione

328 4882 551 4966 praeiudicata
571 4879 725 4948 arbitrari
753 4881 986 4948 consueverint.
1032 4879 1097 4948 Tot
1123 4880 1224 4964 igitur
1250 4883 1423 4960 tantasque
1450 4878 1919 4962 difficultatesrconscripturis
1952 4901 2006 4949 res

329 4991 442 5070 gestas
464 4987 609 5064 obstare,
633 4984 799 5068 quominus
821 4983 958 5067 gloriam
980 4983 1214 5066 adipiscentur,
1236 4981 1411 5052 Sallustius
1438 5002 1510 5052 cum
1537 4983 1640 5063 dicat,
1674 4982 1713 5049 de
1740 4981 1821 5064 ipsis
1847 5003 1925 5054 vero
1951 5005 2005 5054 res

1841 5113 1851 5164 1
