4584 5686
1156 349 1186 353 -
1225 227 1351 354 11,-

572 482 772 566 Quamquam
794 485 944 550 Kritzius
967 504 1078 552 vocem
1101 489 1234 565 ..olirrr‘·
1257 487 1318 564 bis,
1348 485 1489 552 sednon
1511 487 1621 552 22122
1646 505 1731 552 casu.
1754 489 1893 568 positum
1914 508 1977 555 nou
1999 491 2093 558 221122

414 587 475 654 221
496 587 635 669 plurium
657 587 924 669 significationem
952 591 1115 654 continere
1144 590 1225 655 scite
1253 590 1417 670 explicans
1445 590 1636 670 scripturam
1672 593 1783 656 ..21222
1805 595 1893 657 utio‘··
1927 613 1968 658 ex
1999 613 2094 676 prae-

415 691 685 757 stantissimorum
709 691 865 774 longeque
887 692 1094 774 plurimorum
1123 682 1265 760 codicum
1294 693 1487 759 auctoritate
1515 694 1664 772 retinuit,
1697 699 1805 760 tamen
1837 695 2026 764 Dietschius
2059 703 2093 763 et

416 795 595 874 12212222,
618 795 730 875 Lipsio
754 800 900 874 auctore,
923 798 1035 878 paucis
1058 817 1097 863 ac
1118 797 1247 862 212122
1269 797 1414 878 probatis
1437 815 1531 863 manu
1554 797 1683 878 scriptis
1711 798 1783 878 plus
1811 797 1884 865 fidei
1912 801 2093 868 tribuentes

414 917 474 980 pro
497 901 610 978 „aliua
632 900 720 965 alio*
750 901 939 978 ,21112112
969 900 1138 982 legendum
1166 919 1238 965 esse
1272 906 1474 966 censuerunt.
1530 902 1603 966 Hoc
1637 920 1692 966 eos
1725 903 1888 968 censuisse
1920 909 2094 985 propterea

416 1002 584 1068 admodum
607 1001 808 1081 minimest,
833 1004 915 1084 2221
941 1023 982 1069 ex
1009 1004 1161 1070 similium
1188 1005 1328 1069 locorum
1357 993 1511 1085 exemplis
1543 1023 1584 1069 ue
1618 1005 1710 1070 unius
1744 1005 1870 1086 quidem
1903 1012 2093 1088 argumento

414 1107 463 1172 uti
485 1109 645 1186 poteraut.
690 1107 761 1172 Hos
784 1107 870 1172 enim
892 1107 978 1173 locos
1001 1127 1041 1173 ex
1063 1107 1218 1174 Sallustio
1241 1126 1262 1172 a
1282 1127 1333 1173 me
1356 1107 1490 1173 collatos
1513 1107 1717 1187 introspicias
1740 1107 1852 1176 velim:

571 1207 644 1274 Oat.
668 1215 687 1272 2
711 1215 729 1286 ς
753 1214 786 1274 3:
808 1228 910 1292 neque
933 1211 1021 1276 aliud
1043 1211 1107 1277 alio
1129 1210 1332 1292 1222122222
1354 1211 1473 1276 mutari
1496 1229 1535 1276 ac
1557 1210 1686 1276 miscam
1708 1213 1814 1277 omnia
1836 1231 1993 1280 cerneres.

571 1309 644 1376 Oat.
669 1317 687 1377 6
711 1318 728 1389 5
753 1318 786 1380 5:
810 1321 845 1379 at
867 1314 1004 1381 Romani
1026 1314 1111 1380 domi
1133 1314 1331 1396 militiaeque
1359 1313 1475 1380 intenti
1503 1313 1675 1387 1222122222,
1709 1335 1842 1396 parare,
1876 1316 1959 1384 alius
1992 1318 2091 1386 alium

412 1416 578 1483 hortari..
593 1467 622 1481 ..

570 1519 643 1586 (lat.
667 1525 708 1584 22
732 1527 749 1598 t
773 1528 807 1586 2:
832 1539 892 1602 quo
915 1520 1001 1585 inter
1022 1539 1057 1586 se
1079 1520 1133 1586 fidi
1156 1521 1261 1602 magis
1283 1521 1405 1598 forent,
1429 1521 1511 1586 alius
1534 1519 1591 1585 alii
1613 1521 1697 1586 tanti
1719 1521 1873 1586 facinoris
1896 1523 2023 1589 conscii.

570 1621 643 1688 Cat.
669 1627 709 1688 52
733 1630 750 1700 2
774 1629 829 1690 28ι
858 1624 916 1690 221
937 1624 1056 1690 inertia
1077 1631 1111 1690 et
1133 1623 1269 1689 mollitia
1292 1624 1390 1690 animi
1412 1623 1494 1690 alius
1518 1623 1615 1688 alium
1637 1629 1863 1704 exspectantes
1887 1627 2088 1693 cunctamini.

569 1727 646 1808 Jug.
674 1733 712 1791 12
736 1733 753 1804 §
777 1733 812 1793 2:
835 1727 940 1808 reguli
962 1727 1089 1793 interea
1110 1727 1142 1793 iu
1165 1728 1236 1793 loca
1257 1728 1435 1810 propinqua
1455 1727 1618 1792 thesauris
1641 1726 1724 1792 alius
1747 1728 1811 1793 alio
1834 1748 2030 1796 concessere.

568 1830 647 1912 Jug.
672 1835 712 1894 58
735 1836 753 1908 §
776 1836 810 1896 8:
834 1829 936 1912 igitur
956 1849 1014 1910 pro
1037 1837 1124 1896 metu
1146 1837 1278 1912 repente
1301 1825 1627 1912 gaudium'mutatur,
1650 1830 1770 1896 milites
1793 1831 1875 1898 alius
1897 1833 1995 1898 alium
2010 1833 2090 1899 laeti

412 1935 577 2016 appellant
592 1984 727 1999 .......

568 2036 632 2122 Qui
654 2035 780 2102 dicendi
802 2055 879 2102 usus
902 2055 973 2102 cum
1000 2037 1099 2102 etiam
1126 2037 1211 2117 apud
1238 2037 1319 2103 alios
1345 2039 1515 2119 plerosque
1543 2038 1718 2118 scriptores
1744 2039 1959 2105 Romanorum
1988 2039 2090 2118 (velut

413 2142 498 2224 apud
518 2141 648 2208 Livium
670 2141 742 2207 libr.
766 2142 810 2208 Π.
835 2159 904 2222 cap.
931 2146 985 2206 10:
1014 2140 1088 2206 dum
1114 2139 1196 2206 alius
1219 2140 1318 2205 alium
1340 2141 1619 2223 circumspectant)
1640 2143 1761 2224 passim
1784 2142 1966 2224 reperiatur
1987 2161 2089 2224 neque

411 2264 545 2327 usquam
567 2243 723 2326 pluralem
744 2262 909 2310 numerum
932 2243 1059 2310 admitti
1081 2249 1246 2325 appareat,
1269 2263 1344 2309 num
1367 2245 1540 2327 singularis
1566 2246 1700 2312 fortuito
1722 2251 1848 2310 tantum
1869 2246 1994 2326 positus
2018 2265 2090 2312 2222

411 2350 571 2432 putandus
594 2348 669 2414 2211
701 2347 834 2412 12112122
860 2365 948 2412 2222.
993 2349 1082 2429 Ergo
1110 2347 1152 2412 21
1179 2348 1409 2429 grammaticae
1436 2349 1624 2432 logicaeque
1652 2350 1743 2430 leges
1771 2349 1887 2414 referri
1909 2348 2013 2429 iisque
2035 2349 2091 2414 de·
2136 2411 2141 2422 ι

411 2453 500 2520 iendi
526 2453 631 2517 debet.

566 2555 710 2621 Primum
731 2555 766 2620 id
787 2553 957 2619 tenendum
977 2553 1116 2628 videtur.
1140 2554 1224 2634 quod
1244 2555 1346 2620 verba
1368 2556 1480 2632 „nlius
1502 2557 1570 2622 olio
1593 2575 1688 2620 22222
1709 2557 1884 2622 viventes*
1905 2554 1977 2620 voci
2001 2554 2088 2633 „iit‘⁹

412 2679 507 2742 quam
529 2677 570 2723 ex
592 2659 874 2740 grammaticorum
895 2674 982 2722 more
1006 2657 1185 2723 subiectum
1205 2655 1408 2739 pronuntiati
1430 2657 1574 2734 dicimus,
1595 2677 1655 2739 per
1668 2657 1901 2739 appositionem
1916 2657 1964 2724 ita
1978 2656 2091 2722 addita

412 2781 484 2829 esse
506 2767 613 2843 patet,
636 2767 672 2827 ut
693 2760 899 2842 participium
923 2764 1117 2839 ,21222122ὁ
1139 2760 1282 2841 proxime
1306 2760 1347 2825 ad
1369 2760 1449 2826 illud
1475 2760 1654 2826 subiectum
1681 2763 1843 2844 pertineat
1871 2767 1905 2827 et
1931 2760 2091 2828 vocabula

412 2869 524 2947 „aliua
546 2869 614 2932 ulio
635 2871 752 2932 uxore*
779 2863 951 2946 participio
981 2865 1176 2942 „oiceutcr‘
1204 2863 1386 2930 accuratius
1415 2863 1602 2945 explicando
1631 2865 1818 2932 inserviunt.
1865 2864 1958 2949 Quod
1985 2864 2014 2930 21
2041 2864 2091 2930 ita

411 2975 477 3048 est,
500 2987 611 3036 vocem
635 2971 828 3046 ..viventem
852 2966 992 3048 speciem
1020 2966 1159 3047 appositi
1187 2967 1271 3047 2221
1297 2966 1431 3032 dicimus
1458 2985 1537 3047 prae
1570 2985 1606 3032 se
1639 2968 1796 3035 ferentem
1829 2968 1932 3050 ipsam
1965 2985 2089 3049 quoque

409 3073 532 3141 voculis
557 3073 757 3150 ,21122212
780 3075 896 3137 asora·
920 3069 1076 3151 appositis
1098 3069 1146 3134 uti
1168 3075 1312 3151 apparet.
1359 3069 1526 3150 Ceterum,
1553 3077 1661 3138 utrum
1684 3076 1796 3151 ..oliuo
1818 3074 1886 3138 ulio
1907 3076 2023 3158 mord}
2046 3071 2088 3137 21

412 3177 488 3258 ,,11“
512 3174 834 3252 2221,,21222122“
857 3172 1113 3250 2212222212,
1140 3191 1270 3254 prorsus
1297 3173 1377 3240 nihil
1405 3175 1555 3252 iuterest;
1583 3181 1717 3257 utroque
1745 3175 1830 3239 enim
1856 3175 1949 3242 modo
1977 3175 2088 3257 singu·

409 3281 511 3346 larem
532 3295 698 3343 numerum
721 3279 854 3354 ..artium
876 3277 1032 3342 vocabulo
1058 3276 1194 3356 pluralis
1215 3277 1340 3343 numeri
1362 3278 1585 3359 explicationis
1608 3295 1708 3343 causa
1729 3279 1908 3359 appositum
1931 3279 2086 3346 videmus.

410 3385 487 3451 Jam
509 3401 587 3450 2222
610 3379 785 3462 quaeritur.
807 3398 882 3445 num
906 3380 982 3461 quid
1003 3379 1187 3446 offensionis
1209 3381 1284 3446 huic
1305 3381 1354 3446 221
1375 3381 1454 3447 insit
1475 3399 1591 3461 necne;
1613 3382 1655 3447 ad
1676 3381 1772 3463 idque
1787 3381 1989 3448 iudicandum
2005 3398 2086 3460 quae

410 3488 455 3554 sit
477 3486 629 3566 cuiusque
651 3484 743 3551 verbi
766 3483 905 3564 appositi
927 3483 978 3549 vis
1000 3488 1096 3564 atque
1111 3489 1228 3549 natura
1241 3489 1392 3566 reputare
1408 3488 1544 3566 oportet.
1583 3477 1744 3567 Ouiusquc
1757 3492 1868 3552 autem
1881 3483 1975 3550 verbi
1990 3483 2086 3550 alteri

411 3588 551 3672 appositi
572 3587 656 3654 ratio
678 3586 881 3653 hauddubie
904 3591 955 3652 est
977 3605 1027 3666 ea,
1049 3592 1086 3652 ut
1108 3587 1244 3653 alterum
1267 3587 1407 3668 explicet
1429 3605 1500 3652 cum
1522 3605 1622 3669 eoque
1643 3607 1739 3654 uuum
1754 3589 1899 3670 idemque
1914 3586 2084 3670 significet.

412 3694 475 3760 Ubi
497 3691 600 3775 igitur
620 3691 730 3772 plures
751 3709 804 3755 res
827 3691 970 3756 eiusdem
992 3691 1120 3772 generis
1143 3691 1352 3771 explicandae
1373 3691 1465 3756 uobis
1487 3697 1576 3770 sunt,
1604 3709 1736 3758 2222222
1765 3697 1816 3758 est
1837 3691 1938 3772 ipsius
1962 3709 2085 3773 222222

410 3798 503 3866 verbi
525 3794 704 3877 apponendi
725 3793 860 3875 pluralis
882 3813 1032 3860 numerus
1059 3794 1251 3874 requiratm.
1296 3794 1363 3861 Sed
1389 3793 1565 3860 22222122
1597 3801 1649 3861 est
1680 3814 1721 3861 ue
1755 3794 1825 3876 quis
1858 3795 1918 3861 hoc
1951 3796 1990 3861 12
2024 3811 2084 3876 222

411 3901 534 3984 agitur·
546 3897 725 3979 exemplum
752 3897 827 3963 huic
853 3896 920 3978 legi
948 3917 1127 3980 repugnare
1159 3901 1261 3978 putet.
1306 3897 1427 3966 Vocem
1459 3897 1544 3962 enim
1577 3900 1709 3978 „aliua“
1744 3917 1814 3964 cum
1848 3901 1936 3976 „ulio
1969 3901 2084 3964 more“

411 4005 591 4071 arctissime
619 4002 842 4068 cohaerentem
863 4001 1001 4082 plurium
1023 4001 1290 4083 significationem
1311 4001 1439 4066 efficere
1462 4019 1501 4066 ac
1522 4002 1616 4067 simul
1638 4002 1672 4067 in
1692 4020 1788 4068 unam
1811 4002 1903 4084 quasi
1924 4001 2085 4066 notionem

412 4109 592 4174 coalescere
615 4105 686 4187 quis
708 4111 760 4170 est
782 4122 875 4185 quem
896 4104 1027 4186 fugisti
1055 4104 1110 4169 An
1132 4103 1291 4183 infitiaris
1315 4123 1470 4186 quaeres
1493 4113 1545 4170 est
1559 4105 1725 4172 intellectu
1739 4105 1905 4184 facillima.
1919 4121 2085 4169 numerum

411 4213 637 4290 „viventium”
661 4207 857 4289 cogitatione
880 4208 972 4273 nobis
994 4207 1042 4273 ita
1064 4207 1299 4274 dissolvendum
1321 4226 1403 4287 esse,
1426 4213 1463 4273 ut
1483 4208 1699 4290 unusquisque
1721 4227 1830 4274 eorum
1851 4208 1976 4274 ratione
1998 4211 2085 4272 cete·

410 4331 517 4380 rorum
537 4311 651 4378 habita
672 4311 757 4377 alius
781 4310 844 4376 dici
869 4312 973 4391 possit
1000 4311 1182 4394 singulique
1209 4312 1267 4379 alii
1294 4313 1327 4378 in
1359 4330 1455 4377 unum
1488 4311 1708 4393 comprehensi
1741 4313 1875 4378 eundem
1906 4309 2084 4376 viventium

410 4433 574 4485 numerum
597 4415 763 4481 efficiant?
790 4414 945 4482 Videmus
968 4415 1069 4498 igitur
1083 4415 1271 4482 Sallustium
1294 4416 1437 4496 aliosque
1459 4415 1632 4497 scriptores
1655 4416 1774 4496 optimo
1797 4416 1865 4481 iure
1887 4413 2083 4495 singularem

412 4523 544 4604 „olius“
566 4536 732 4584 numerum
754 4537 824 4583 cum
847 4518 910 4584 alio
934 4537 1011 4585 casu
1032 4519 1173 4585 eiusdem
1195 4520 1284 4586 vocis
1311 4517 1527 4597 coniunctum,
1562 4538 1623 4600 quo
1656 4537 1751 4601 quum
1778 4517 2001 4584 diversitatem
2028 4517 2084 4583 ho-

409 4625 528 4691 miuum
550 4621 602 4688 221
623 4640 730 4686 rerum
752 4627 819 4687 tum
842 4621 998 4703 pluralem
1019 4641 1184 4689 numerum
1206 4622 1430 4705 exprimerent,
1453 4621 1647 4689 adhibuisse.
1684 4623 1796 4704 Atque
1817 4622 1878 4686 hoo
1899 4621 1964 4686 iam
1986 4621 2083 4688 Krit-

412 4729 481 4794 zius
508 4729 596 4792 recte
624 4725 761 4804 monum
790 4726 844 4807 qui
869 4731 977 4792 tamen
1004 4726 1038 4791 in
1065 4745 1103 4792 22
1129 4744 1324 4808 magnopere
1351 4725 1454 4792 falsus
1487 4743 1559 4790 esse
1591 4725 1669 4791 mihi
1702 4725 1844 4803 videtur,
1879 4724 1963 4805 quod
1993 4723 2082 4791 vocis

413 4834 546 4910 ..ultur‘
569 4828 624 4894 illo
646 4828 738 4892 modo
760 4829 810 4894 bis
832 4829 930 4911 positi
951 4829 1169 4910 praedicatum
1193 4847 1254 4894 non
1276 4828 1381 4894 forma
1403 4829 1615 4912 grammatica
1636 4829 1694 4894 sed
1716 4846 1811 4893 sensu
1833 4831 1979 4909 spectato
1994 4831 2082 4893 recte

409 4933 526 5014 plurali
547 4949 678 4998 numero
700 4931 864 4998 enmrciari
885 4951 980 5015 posse
1009 4932 1098 4998 dixit.
1143 4933 1218 4999 Mea
1244 4932 1370 5014 quidem
1403 4933 1487 4999 enim
1519 4948 1560 4997 ex
1593 4933 1754 4999 sententia
1786 4950 1849 4996 vox
1883 4934 2015 5011 ‚‚uliua“
2049 4929 2083 4994 in

408 5037 554 5103 omuibus
575 5033 755 5101 huiusmodi
778 5037 942 5118 exemplis,
966 5041 1119 5119 quotquot
1141 5035 1313 5115 inveneris,
1335 5037 1464 5102 minime
1490 5037 1532 5102 ad
1552 5037 1772 5118 praedicatum
1794 5035 1995 5118 dirigendum
2015 5033 2083 5100 vim
