4584 5686
1101 244 1128 326 5

1011 359 1217 370 ——-——-·

301 505 437 576 deinde:
480 521 654 588 pronomen
676 505 837 584 „audead
864 518 928 567 non
955 499 998 566 ad
1023 498 1167 582 proxime
1193 495 1391 580 praecedens
1424 497 1557 564 verbum
1590 501 1756 584 „oupr'do“
1789 501 1953 584 pertinere

479 623 580 689 eaque
603 605 642 673 de
664 624 701 672 re
722 604 967 672 Dietschianam
990 619 1114 685 quoque
1135 601 1392 668 emendationem
1412 601 1620 668 reiicicndam
1642 621 1730 685 esse3

357 719 440 778 tum:
476 716 552 794 post
574 712 736 790 „eodem“
758 726 933 791 pronomen
953 724 1017 776 non
1040 707 1151 794 ‚paor
1174 724 1196 773 a
1216 705 1371 774 Sallustio
1394 704 1547 787 scriptum
1568 705 1680 774 fusse.

427 815 552 899 Quibus
573 814 671 880 rebus
693 813 839 879 omnibus
861 809 1101 892 circumspectis
1122 809 1364 891 rationibusque
1386 808 1562 889 subducta,
1583 810 1692 878 facere
1706 829 1770 880 non
1783 831 1951 895 possumus

269 920 348 1004 quiin
370 919 454 986 hunc
474 917 579 985 locnm
601 916 642 983 ab
665 914 843 982 editoribus
865 933 929 981 non
950 913 1153 981 emendatum
1179 917 1214 979 ιι
1235 912 1445 990 enucleatum,
1468 912 1564 978 immo
1586 933 1664 980 vero
1686 915 1896 1000 depravatum
1918 922 1953 985 et

272 1026 478 1093 obscuratum
499 1040 572 1089 esse
594 1019 697 1087 libere
717 1018 932 1102 profiteamur.
978 1015 1116 1084 Codices
1142 1015 1296 1083 videlicet
1322 1016 1408 1082 inter
1435 1035 1470 1083 se
1499 1017 1623 1097 collati,
1658 1038 1789 1100 quonum
1823 1019 1880 1088 alii
1913 1039 1953 1093 ac

270 1123 547 1213 praestantissimi
568 1123 697 1207 quridem
719 1125 859 1203 „eodm
880 1123 1003 1210 puae“,
1025 1119 1084 1186 alii
1111 1122 1350 1205 „eudempua“,
1378 1137 1419 1186 ne
1446 1138 1528 1188 unus
1556 1120 1683 1202 qudem
1708 1124 1842 1191 vocibus
1865 1143 1954 1212 „pue

275 1235 385 1319 quue“
409 1231 501 1296 iuxta
520 1227 636 1311 positis
660 1227 869 1312 „euderrpae
890 1227 1000 1311 praue‘
1028 1223 1184 1306 scriptum
1210 1223 1347 1302 habent,
1375 1221 1456 1288 nihil
1482 1224 1544 1290 hoc
1575 1223 1646 1292 loeo
1679 1227 1838 1294 excidisse
1870 1229 1953 1298 satis

273 1335 388 1400 docent
410 1331 567 1415 simulque
595 1327 794 1413 significant,
821 1327 905 1394 unde
931 1328 1014 1394 haec
1040 1325 1221 1408 scripturae
1244 1325 1462 1408 discrepantia
1483 1331 1556 1394 crta
1577 1328 1630 1396 sit.
1675 1331 1952 1400 Variamilltmom

273 1438 358 1505 enim
379 1441 445 1516 eet,
467 1455 536 1503 rem
557 1435 606 1502 sic
627 1451 700 1500 sese
721 1433 857 1500 habere:
892 1429 1064 1530 Quispiam
1087 1429 1256 1509 librarius,
1279 1429 1350 1497 sive
1372 1428 1506 1497 alterius
1528 1435 1654 1500 textum
1674 1433 1829 1503 dictantis
1851 1437 1954 1510 verba

272 1545 398 1609 suamet
420 1539 523 1622 ipsius
545 1541 602 1604 aut
624 1536 711 1602 illius
734 1535 828 1620 culpa
848 1553 913 1602 non
934 1533 1016 1602 satis
1039 1531 1160 1600 ιιιιιιι
1180 1537 1380 1616 perceperat,
1403 1533 1474 1600 sive
1496 1533 1559 1601 sibi
1581 1536 1651 1617 ipse
1673 1555 1715 1603 ex
1728 1537 1811 1606 libro
1826 1539 1952 1608 dictans

271 1661 386 1712 vocem
408 1645 548 1729 „moa
567 1658 609 1707 ex
629 1657 718 1706 more
745 1637 924 1706 scribarum
956 1637 1098 1704 fortasse
1129 1655 1188 1720 per
1219 1640 1314 1704 notas
1347 1636 1501 1718 scriptam
1533 1638 1618 1704 male
1650 1637 1793 1722 legerat,
1827 1641 1861 1709 in
1894 1662 1952 1712 suo

272 1746 450 1829 exemplari
469 1763 528 1827 pro
549 1742 735 1826 pronomine
758 1745 888 1830 ‚‚p²tue“
912 1741 1057 1823 copulam
1079 1745 1188 1827 ,ιιι
1211 1740 1375 1821 ιιιινιι;
1404 1759 1498 1822 quam
1524 1741 1720 1824 posteriores
1746 1745 1874 1813 scribae
1899 1765 1951 1816 so·

269 1850 440 1918 mniouulori
460 1853 496 1915 et
516 1847 557 1915 de
577 1847 810 1914 sententiarum
831 1845 1022 1928 integritate
1043 1861 1156 1926 parum
1170 1843 1259 1910 anxii
1273 1844 1308 1910 in
1321 1843 1422 1912 libros
1436 1863 1512 1911 suos
1526 1849 1648 1913 temere
1662 1848 1949 1918 transscribebant.

273 1953 379 2039 Quam
399 1951 498 2020 facile
520 1954 629 2017 autem
651 1949 732 2016 illud
751 1950 842 2033 prius
863 1947 935 2016 lieri
955 1947 1112 2030 potuerit,
1134 1965 1227 2014 nemo
1248 1947 1358 2014 hercle
1379 1966 1443 2015 non
1464 1947 1564 2016 videt.
1608 1950 1819 2019 Recentiores
1841 1958 1950 2026 autem

272 2057 421 2127 Sallustii
443 2055 600 2133 editores,
624 2053 772 2136 quoniam
794 2053 829 2119 in
850 2053 913 2119 hac
934 2052 1096 2134 scriptura
1122 2050 1388 2134 acqmescendnm
1414 2070 1478 2118 non
1504 2057 1590 2132 erat,
1619 2053 1662 2122 ad
1687 2054 1850 2124 sublatam
1877 2075 1950 2124 con·

272 2161 459 2229 structionis
480 2158 704 2242 integritatem
724 2157 958 2224 restituendam
979 2155 1064 2222 alius
1086 2154 1199 2235 aliam,
1221 2159 1378 2239 utsupra
1400 2155 1520 2222 dictum
1542 2162 1608 2236 est,
1637 2157 1742 2226 locum
1763 2159 1951 2231 emendandi

268 2265 427 2332 rationem
448 2262 599 2330 inierunt.

409 2365 578 2449 Sequitur
599 2363 703 2446 igitur
723 2382 765 2430 ex
785 2363 843 2438 iis,
872 2381 954 2445 qnae
982 2362 1183 2446 antegressis
1212 2349 1431 2444 exposuimus,
1460 2367 1497 2428 ιι
1523 2363 1604 2430 nihil
1626 2364 1715 2432 aliud
1735 2385 1847 2435 verum
1868 2368 1950 2435 iudi·

271 2471 406 2538 candum
428 2471 472 2537 sit
493 2470 557 2536 nisi
578 2484 752 2550 pronomen
774 2465 1065 2548 „eudem‘locum
1086 2466 1172 2532 sexti
1194 2483 1288 2532 maus
1310 2465 1457 2532 obtinere
1479 2469 1576 2548 atque
1598 2468 1647 2535 ita
1667 2469 1800 2537 vocibus
1815 2489 1949 2554 sequen·

269 2573 358 2641 tibus
381 2575 495 2663 ,fama
516 2576 620 2660 utque
641 2571 789 2638 invidid‘
813 2568 994 2652 appositum
1016 2586 1104 2648 esse,
1127 2573 1179 2638 ιι
1202 2568 1317 2650 quibus
1339 2567 1435 2635 rebus
1463 2568 1593 2637 honoris
1620 2573 1734 2655 cupido
1762 2573 1951 2643 Sallustium

270 2677 456 2757 vexaverit
489 2675 564 2742 inde
597 2678 769 2756 appareat3
797 2672 839 2739 ad
866 2672 1013 2740 voculam
1036 2677 1168 2758 „“puue
1190 2677 1299 2738 autem
1321 2672 1481 2753 posterius
1503 2674 1637 2740 verbum
1660 2677 1853 2754 Maerebat
1876 2697 1950 2763 sup·

270 2781 422 2867 piendum
444 2797 517 2846 esse
539 2777 610 2860 quis
633 2782 685 2843 est
706 2795 799 2858 quem
821 2776 929 2859 fugiat
950 2781 1008 2842 aut
1029 2775 1171 2842 offenda
1177 2775 1195 2841 “l

426 2883 481 2951 Sic
504 2880 699 2948 sententiam
727 2883 770 2994 ed
795 2897 1007 2964 praegressas
1035 2878 1202 2960 aptissime
1231 2877 1440 2961 quadrantem
1473 2877 1732 2964 dicimusque
1762 2901 1826 2950 non
1858 2836 1951 2952 modo

272 2984 670 3067 oratiorecteprocodit,
692 2973 926 3051 verumetiam
949 2983 988 3049 de
1010 2987 1176 3076 structura
1196 2982 1296 3049 totius
1319 2982 1521 3063 pronunciati
1546 2984 1679 3066 quaevis
1701 2985 1861 3054 dubitatio
1884 2986 1950 3054 edi·

258 3099 377 3159 'torum
398 3088 534 3156 tollitur.

427 3192 514 3260 Sane
534 3190 725 3259 Dietsehius
753 3191 880 3274 quidem
907 3190 1000 3257 initio
1028 3189 1162 3256 alterius
1190 3189 1491 3256 commentationum
1518 3191 1635 3272 capitis
1656 3192 1791 3260 verbum
1811 3194 1952 3262 vexandi

273 3316 337 3365 non
358 3297 460 3364 solun
483 3296 523 3362 de
544 3295 739 3374 hominibus,
762 3296 821 3362 sed
848 3295 947 3361 etiam
973 3294 1014 3360 de
1040 3293 1154 3373 rebus,
1182 3292 1285 3362 veluti
1312 3292 1352 3360 de
1380 3293 1486 3375 aliquo
1520 3294 1619 3360 animi
1652 3294 1770 3362 affectu
1802 3298 1951 3380 usmpari

273 3419 369 3486 posse
391 3417 522 3482 prorsus
544 3397 694 3481 negavit3
721 3400 779 3466 sed
804 3416 909 3480 neque
931 3397 1010 3464 illud
1032 3397 1211 3480 exemplum
1234 3395 1479 3486 Ciceronianam
1502 3401 1571 3478 (pro
1592 3397 1702 3465 Flacc.
1725 3404 1778 3479 20,
1800 3403 1865 3482 48),
1889 3419 1951 3483 quo

272 3510 362 3572 recte
395 3505 488 3570 homo
521 3502 660 3584 aliquem
694 3503 852 3587 ‚areima
874 3501 1033 3568 omuibus
1053 3502 1311 3585 maledictisque
1331 3503 1483 3566 vexuvr“
1517 3500 1658 3581 dicatum,
1693 3504 1855 3570 commode
1888 3505 1951 3572 hnc

274 3607 399 3688 attulit,
422 3605 569 3689 qnoniam
592 3589 659 3672 illic
680 3606 815 3673 verbum
840 3605 981 3673 vexandi
1007 3605 1074 3672 vim
1101 3604 1257 3670 usitatam
1284 3602 1423 3684 ahquem
1451 3605 1620 3686 torquendi
1646 3604 1701 3673 vel
1720 3607 1951 3690 persequendi,

273 3711 328 3778 hic
349 3729 427 3780 vero
449 3709 686 3776 inusitatiorem
708 3707 836 3790 quidem
857 3707 997 3790 aliquem
1024 3727 1082 3774 seu
1110 3706 1231 3790 ahquid
1258 3705 1508 3774 commaculandi
1535 3710 1649 3790 habet,
1675 3727 1778 3792 neque
1806 3712 1867 3779 duo
1895 3709 1954 3780 illa

274 3816 420 3896 exempla
441 3813 649 3892 Sallustiana,
673 3830 754 3893 quae
777 3811 926 3891 debebat,
948 3811 1102 3892 respexit,
1131 3829 1172 3877 ex
1198 3810 1313 3891 quibus
1334 3815 1499 3878 auctorem
1519 3815 1654 3880 verbum
1674 3813 1814 3881 vexandi
1836 3818 1870 3880 ιι
1892 3813 1951 3882 illa

273 3919 307 3987 vi
329 3918 433 3985 minus
455 3916 584 4001 vulgari
606 3921 640 3982 et
661 3916 701 3982 de
723 3917 819 3982 rebus
842 3933 965 3998 quoque
986 3933 1159 3996 usmpasse
1182 3917 1318 3981 constat.
1363 3913 1446 3982 Sunt
1467 3921 1576 3982 autem
1596 3917 1693 3986 haec:
1727 3915 1800 3984 Cat.
1832 3921 1850 3982 5
1874 3923 1892 3994 ι
1914 3923 1951 3986 8:

275 4040 374 4105 „quos
397 4019 476 4103 (soil.
499 4023 616 4100 mores)
637 4037 787 4101 pessuma
809 4038 848 4086 ac
869 4018 999 4087 diversa
1020 4018 1164 4098 intense
1186 4018 1287 4098 mala,
1314 4018 1443 4085 lunaria
1469 4023 1574 4106 atque*
1593 4021 1748 4101 avaritia,
1771 4021 1951 4103 vexabant3

274 4131 308 4192 ιι
331 4123 404 4192 Cat.
428 4129 469 4190 20
493 4129 511 4200 ς
536 4129 590 4190 12:
614 4142 686 4190 cum
707 4122 853 4190 omnibus
874 4122 976 4190 modis
998 4122 1166 4204 pecuniam
1187 4122 1334 4201 trahunt,
1364 4126 1499 4203 vexant,
1527 4127 1636 4190 tamen
1662 4142 1731 4207 sqq.
1775 4123 1847 4190 Hos
1871 4124 1950 4192 duos

273 4229 361 4297 locos
382 4227 572 4296 Dietschius
594 4228 625 4294 si
646 4225 944 4307 animadvertisset,
965 4224 1110 4308 profecto
1132 4243 1234 4307 neque
1257 4227 1290 4292 in
1312 4225 1406 4293 verbi
1426 4222 1566 4293 vexandi
1588 4227 1856 4309 interpretatione
1877 4233 1949 4294 tan·

274 4338 386 4414 topere
408 4348 445 4398 se
466 4331 616 4398 torsisset
637 4348 740 4413 neque
768 4329 893 4396 omnino
921 4329 964 4396 ad
990 4328 1244 4396 emendationem
1272 4327 1361 4395 illam
1395 4348 1417 4395 a
1447 4330 1540 4398 nobis
1573 4330 1786 4412 improbatam
1819 4332 1950 4400 descen·

276 4436 385 4502 disset.
429 4433 591 4500 Nimirum
614 4433 667 4515 qui
693 4433 912 4515 praestantior
938 4451 1052 4500 sensus
1080 4451 1120 4498 ex
1147 4433 1256 4500 verbis
1285 4434 1426 4500 ιιιιιιιι
1448 4433 1528 4515 ipsis
1551 4434 1620 4500 ιιιιι
1641 4437 1750 4515 potest
1771 4435 1841 4500 nisi‘
1858 4453 1950 4516 quem

275 4540 340 4608 iarn
361 4538 536 4606 vernacula
556 4537 651 4618 paulo
672 4536 803 4603 uberius
825 4535 873 4602 sic
895 4536 1073 4619 exprimere
1098 4535 1221 4602 liceatl
1266 4535 1450 4616 „Wicwohl
1475 4537 1528 4603 ich
1556 4537 1655 4616 mich,
1683 4556 1757 4604 vom
1784 4536 1950 4624 Ehrgeize

276 4643 469 4726 abgesehen,
491 4641 536 4707 im
558 4639 847 4722 ausgesprocheust
848 4657 889 4705 en
906 4638 1113 4722 Gegensatze
1136 4659 1176 4706 zu
1198 4639 1261 4706 deu
1282 4639 1419 4722 librigeu
1440 4639 1626 4706 schluchten
1641 4639 1707 4708 Sitt
1678 4644 1749 4706 tten
1771 4639 1949 4720 damaliger

276 4746 352 4812 Zeit
373 4750 509 4824 wusste,
537 4762 573 4810 so
601 4742 759 4810 belleckte
787 4741 873 4809 mich
899 4742 981 4809 doch
1008 4743 1114 4810 niehts
1137 4742 1228 4810 desto
1250 4743 1395 4826 wenigcr
1415 4742 1519 4810 meiue
1541 4743 1765 4827 Ehrbegierde
1788 4743 1845 4809 mit
1868 4742 1951 4812 eheu

245 4849 446 4972 derselben
468 4847 563 4914 hblen
585 4846 757 4914 Nachrede
783 4846 848 4913 und
870 4843 1104 4928 Galaesigheit
1130 4851 1218 4929 (trag
1245 4846 1306 4912 mir
1334 4846 1557 4915 abendieselbe
1585 4847 1659 4915 iible
1688 4845 1858 4914 Nachrede
1886 4848 1951 4914 und

245 4911 511 5034 9’(ιιιιιιιιςιιιιι
533 4951 608 5032 ein),
630 4951 752 5018 welche
774 4951 826 5018 die
848 4947 1013 5032 Uebrigen
1033 4967 1087 5016 um
1109 4949 1196 5016 ihrer
1218 4969 1320 5034 argen
1346 4950 1454 5018 Sitten
1481 4952 1546 5018 und
1572 4951 1814 5020 verwerflr'chen
1839 4950 1949 5018 llittel

277 5056 343 5122 und
364 5056 471 5138 Wege
499 5053 608 5122 willen
635 5054 947 5122 verdientermassen
973 5051 1234 5120 brandmarktef‘
1289 5052 1477 5122 Sallustium
1510 5061 1617 5122 autem
1650 5052 1811 5121 brevitate
1776 5053 1951 5120 t-elocu
