4584 5686
248 486 406 564 codicum,
430 487 484 566 qui
505 485 574 551 fere
588 503 705 550 onmes
733 485 866 551 vocibus
895 491 1018 567 „olque
1040 489 1201 568 optuma·
1225 488 1351 558 carent,
1380 484 1517 550 maxime
1544 485 1715 550 tenendam
1743 504 1815 550 esse
1843 485 1926 551 iudi-

248 608 364 656 carem.
409 590 521 671 Longe
544 589 627 654 enim
650 589 716 654 alia
744 593 795 654 est
816 589 930 664 illius,
965 587 1047 668 quod
1075 587 1152 652 mihi
1179 588 1414 653 obversabatur
1442 589 1585 668 quodque
1618 588 1806 654 Dietschius
1839 589 1927 654 haud

249 693 344 758 dubie
366 693 518 774 respexit,
542 691 680 774 exempli
701 692 797 770 ratio,
821 692 886 756 alia
908 689 1050 766 huiusce,
1074 689 1113 755 de
1136 711 1197 772 quo
1219 690 1336 772 agitur.
1376 690 1469 774 Quod
1490 709 1550 771 quo
1572 691 1685 757 melius
1699 693 1925 773 perspiciatur,

248 795 346 861 liceat
369 795 457 872 illud,
481 794 563 875 quod
585 801 721 860 exeunte
744 794 850 875 capite
873 794 995 859 decimo
1018 794 1197 868 exhibetur,
1221 794 1283 858 huc
1304 793 1442 859 referre:
1467 795 1638 875 Ι,1101111111
1661 795 1809 876 contagio
1834 797 1926 877 quasi

179 911 183 917 ’
249 898 436 980 pestilentia
461 897 597 976 invasit,
626 897 743 964 civitas
771 899 955 975 inmutata,
990 897 1156 978 imperium
1184 915 1224 962 ex
1249 896 1434 964 iustissumo
1458 905 1553 978 atque
1577 903 1704 978 optumo
1727 898 1853 966 crudele
1877 899 1924 964 in·

247 1001 510 1082 tolerandumque
532 1000 685 1067 factumr
729 1003 804 1068 Hoc
826 1001 1005 1082 exemplum
1033 1000 1082 1065 ita
1109 1004 1326 1081 comparatum
1353 1019 1440 1078 esse,
1469 1007 1506 1066 ut
1532 1007 1699 1081 utrumque
1726 1021 1785 1083 par
1811 1021 1925 1068 vocum

249 1105 335 1170 inter
356 1124 391 1170 se
414 1104 651 1170 coniunctamm
676 1105 898 1186 gradationem
920 1104 1083 1171 notionum
1105 1101 1233 1169 efficere
1257 1103 1412 1184 alterique
1435 1123 1532 1169 sensu
1552 1105 1730 1186 oppositum
1746 1123 1818 1170 esse
1833 1123 1928 1170 nemo

249 1227 311 1274 non
333 1209 437 1286 videt3
459 1206 561 1288 liquet
583 1208 667 1273 euim
688 1208 849 1274 notionem
872 1208 998 1290 imperii
1020 1207 1142 1289 optumi
1164 1212 1198 1270 et
1220 1205 1402 1287 graviorem
1430 1215 1463 1272 et
1491 1208 1676 1288 ampliorem
1699 1227 1793 1288 quam
1815 1209 1925 1274 iustis-

249 1313 322 1378 simi
344 1330 417 1376 esse
439 1311 580 1392 itemque
601 1312 762 1377 notionem
791 1313 1084 1390 ,inlolernnduffl
1114 1308 1236 1374 notioni
1264 1312 1444 1384 ,crudele‘
1468 1311 1632 1391 gravitate
1654 1311 1925 1394 amplitudineque

124 1429 126 1432 ·
248 1414 452 1482 antecellere.
496 1415 585 1480 Huic
606 1414 707 1496 igitur
729 1416 798 1480 loco
820 1415 884 1482 nisi
912 1413 1075 1496 gravitate
1103 1411 1292 1477 elocutionis
1319 1413 1499 1479 rhetoricae
1526 1414 1656 1480 sublata
1682 1433 1778 1482 voces
1802 1421 1926 1500 „alque

249 1523 409 1599 optaram
432 1519 558 1585 detrahi
580 1537 644 1584 non
665 1537 759 1600 posse
781 1538 839 1600 per
861 1537 896 1583 se
923 1523 1023 1598 patet.
1068 1516 1145 1581 Jam
1178 1534 1269 1594 vero,
1303 1535 1377 1582 num
1410 1517 1463 1582 hic
1490 1516 1578 1582 locus
1607 1536 1699 1598 quem
1727 1518 1760 1582 in
1787 1519 1926 1584 medium

249 1623 435 1688 vocavimus
457 1622 598 1688 eiusdem
622 1621 750 1704 generis
772 1621 830 1700 sit,
858 1621 1024 1687 videamus
1050 1619 1093 1684 ad
1123 1618 1219 1700 idque
1253 1638 1322 1698 „en-
1353 1621 1596 1700 palchcrmmc
1628 1626 1732 1704 alque
1765 1626 1924 1706 optumn“

248 1727 419 1808 legendum
442 1743 514 1790 esse
540 1724 706 1808 fingamus
751 1725 825 1790 Hoc
858 1742 981 1806 quoque
1015 1722 1191 1803 exemplum
1225 1741 1266 1787 ex
1298 1722 1421 1788 duobus
1454 1741 1567 1788 vocum
1600 1722 1732 1804 paribus
1765 1730 1924 1792 constare.

248 1847 382 1912 quorum
403 1829 564 1910 posterius
586 1828 770 1910 gradationi
792 1845 905 1894 sensus
927 1827 1100 1906 inserviat,
1122 1826 1280 1892 neminem
1308 1843 1386 1890 sane
1414 1825 1527 1906 fugiet.
1573 1824 1638 1892 Sed
1671 1827 1699 1891 si
1732 1828 1817 1908 quis,
1851 1846 1925 1894 num

250 1933 347 1999 etiam
369 1933 459 2013 prius
480 1931 620 2012 speciem
643 1931 785 1996 eiusdem
799 1930 922 2012 figurae
938 1929 1099 1995 oratoriae
1113 1949 1190 2011 prae
1207 1948 1242 1994 se
1257 1929 1353 2006 ferat,
1370 1929 1554 2009 quaesierit,
1571 1930 1603 1994 ei
1617 1948 1727 1995 vocem
1744 1936 1924 2015 „optantur

250 2035 416 2102 offensioni
439 2053 510 2100 esse
532 2053 664 2100 necesse
687 2035 765 2111 erit;
786 2053 922 2116 namque
945 2052 1017 2098 eam
1037 2033 1165 2098 notione
1180 2033 1280 2098 multo
1295 2049 1368 2098 esse
1382 2032 1538 2099 leviorem
1552 2032 1717 2114 minusque
1732 2035 1798 2099 late
1813 2040 1925 2114 patere

250 2139 445 2220 eandemque
468 2156 546 2205 voce
569 2139 853 2223 „poalcbemamr‘
877 2135 1033 2204 contineri
1055 2135 1089 2200 111
1109 2142 1259 2217 promptu
1280 2137 1348 2201 est,
1379 2134 1556 2220 Quodnisi
1577 2137 1625 2201 ita
1640 2143 1736 2216 esset,
1752 2137 1926 2204 Sallustius

252 2241 368 2322 capitis
390 2241 645 2324 quinquagesimi
667 2241 798 2306 secundi
819 2240 1023 2322 paragrapho
1046 2238 1201 2304 vicesima
1222 2239 1366 2320 profecto
1395 2258 1458 2303 non
1485 2239 1684 2321 scripsisset:
1720 2242 1770 2320 „si
1797 2242 1845 2308 ita
1872 2261 1924 2308 res

248 2351 345 2424 esset,
368 2347 468 2412 multo
489 2344 745 2426 pulcherrumam
768 2363 839 2410 eam
860 2363 919 2410 nos
941 2345 1142 2420 haberemus
1170 2343 1285 2423 quippe
1308 2343 1465 2407 sociorum
1487 2348 1583 2425 atque
1606 2345 1733 2424 civimn,
1756 2351 1926 2426 praeterea

248 2467 408 2514 armorum
430 2455 526 2530 atque
549 2467 700 2531 equorum
723 2448 825 2514 maior
847 2448 939 2530 copia
960 2446 1053 2511 nobis
1076 2465 1169 2527 quam
1191 2446 1256 2512 illis
1280 2451 1362 2512 est‘·
1407 2445 1494 2530 Quid
1515 2448 1640 2530 igiturtl
1674 2450 1779 2516 Vocas
1803 2453 1926 2533 „utque

248 2556 417 2634 asamar,
441 2553 556 2636 quippe
579 2553 693 2635 quibus
720 2550 838 2616 additis
861 2550 1012 2631 expedita
1038 2552 1072 2615 et
1100 2549 1313 2630 aequabiliter
1340 2548 1499 2630 profluens
1527 2552 1629 2616 oratio
1658 2553 1764 2618 subito
1792 2552 1924 2634 langue-

248 2662 328 2734 scat,
351 2659 463 2737 utpote
485 2656 613 2737 spmia'e
636 2654 830 2722 reiiciendae
852 2659 936 2720 sunt.
982 2655 1033 2718 De
1056 2651 1113 2717 illa
1135 2653 1229 2728 enim,
1254 2671 1347 2732 quarn
1362 2653 1551 2719 Dietschius
1567 2655 1692 2734 statuit,
1713 2656 1925 2722 membrorum

248 2757 480 2839 aequabilitate
500 2759 563 2824 hoc
584 2759 711 2839 quidem
732 2758 802 2824 loco
824 2776 887 2824 non
909 2758 974 2822 iam
996 2755 1134 2838 cogitari
1155 2761 1277 2837 potest,
1307 2756 1455 2836 quoniam
1481 2757 1620 2838 priorem
1646 2759 1763 2839 prioris
1790 2759 1924 2825 membri

247 2861 409 2928 notionem
432 2861 595 2944 gravitate
618 2861 770 2937 imminui
792 2861 980 2943 posterioris
1004 2858 1117 2941 augeri
1139 2858 1209 2924 luce
1232 2865 1284 2924 est
1304 2859 1438 2938 clarium
1462 2860 1565 2941 qualis
1581 2862 1739 2943 oppositio
1755 2864 1925 2930 verborum

247 2965 406 3032 communi
434 2965 559 3032 dicendi
588 2964 809 3031 consuetudini
836 2963 1117 3030 vehementissime
1144 2969 1312 3045 repugnat.
1358 2960 1510 3028 Getarum
1532 2969 1694 3030 auctorem
1717 2966 1806 3031 illam
1828 2985 1926 3032 mem·

248 3070 378 3135 brorum
399 3067 663 3150 aequabilitatem
684 3069 770 3135 haud
792 3069 840 3134 ita
866 3067 1049 3148 respexisse
1075 3083 1115 3131 ex
1142 3066 1246 3147 prima
1273 3065 1389 3146 capitis
1418 3067 1574 3134 tricesimi
1600 3068 1695 3149 primi
1721 3071 1926 3152 paragrapho

250 3189 441 3254 cognoscas,
464 3171 519 3236 ubi
541 3172 695 3252 scriptum
717 3171 877 3238 invenies:
907 3189 948 3236 ex
969 3188 1093 3236 summa
1114 3169 1243 3235 laetitia
1264 3175 1361 3251 atque
1383 3170 1534 3249 lascivia,
1558 3189 1639 3252 quae
1662 3172 1813 3240 diuturna
1834 3175 1924 3255 quies

249 3279 431 3356 pepererat,
452 3280 586 3356 repente
609 3276 710 3341 omnis
731 3275 870 3340 tristitia
891 3273 1021 3340 invasit.
1055 3272 1120 3339 Sed
1142 3291 1202 3354 quo
1225 3273 1355 3340 taudem
1376 3274 1446 3340 iure
1468 3273 1553 3340 idem
1575 3275 1626 3340 vir
1641 3275 1762 3356 doctus,
1778 3282 1815 3342 nt
1829 3297 1926 3344 voras

251 3383 376 3462 „alque
398 3379 742 3462 optumu‘fladdendas
764 3395 837 3444 esse
860 3377 1104 3455 demonstraret,
1128 3375 1237 3441 codice
1260 3376 1409 3442 Parisino
1432 3377 1580 3456 omnium,
1604 3378 1658 3458 qui
1679 3385 1817 3459 exstant,
1833 3387 1925 3447 vetur·

250 3480 393 3548 stissimo
415 3482 505 3548 uisus
528 3484 602 3547 estl
646 3481 810 3568 Quomodo
832 3479 902 3546 fieri
929 3480 1086 3562 potuerit,
1115 3485 1150 3545 ut
1178 3498 1199 3544 a
1225 3479 1386 3561 scriptura
1412 3479 1482 3546 eius
1511 3502 1580 3560 „er
1597 3484 1818 3566 pulcerrimum
1838 3505 1925 3568 pee-

251 3604 353 3649 mma
369 3583 463 3671 {acto
484 3587 551 3650 alb·
575 3590 799 3666 argumentum
820 3584 908 3650 illius
931 3583 1173 3665 aequabilitatis
1196 3583 1237 3648 ab
1265 3588 1396 3649 auctore
1424 3585 1505 3650 bene
1538 3590 1689 3651 servatae
1723 3590 1818 3666 atque
1850 3588 1925 3653 huic

249 3686 350 3752 etiam
372 3687 441 3753 loco
463 3689 682 3756 restituendae
704 3690 832 3770 peteret
853 3686 1000 3768 idemque
1021 3687 1111 3753 illam
1132 3706 1173 3752 ne
1189 3685 1259 3768 quis
1274 3705 1385 3753 veram
1401 3687 1547 3753 crederet
1569 3688 1744 3754 cavendum
1767 3707 1839 3756 esse
1855 3691 1924 3771 ipse

251 3794 410 3870 moneret,
443 3811 533 3858 meae
559 3792 693 3873 quidem
726 3789 960 3872 intelligentiae
988 3790 1055 3858 vim
1081 3807 1213 3871 prorsus
1240 3788 1335 3870 fugit.
1380 3791 1482 3856 Immo
1509 3810 1586 3856 vero
1615 3809 1676 3872 ego
1704 3811 1745 3858 ex
1765 3794 1927 3874 scriptura

251 3893 338 3961 illius
360 3893 479 3962 codicis
500 3895 643 3962 Parlaini
665 3894 745 3962 nihil
768 3894 855 3961 aliud
876 3899 1025 3960 constare
1051 3892 1219 3960 iudicarim
1246 3893 1308 3959 nisi
1337 3911 1423 3972 eum,
1452 3912 1473 3958 a
1500 3912 1560 3975 quo
1589 3914 1684 3961 mann
1712 3896 1925 3978 scribebatur,

252 3997 355 4078 ipsum
378 4015 500 4079 quoque
522 3999 556 4064 in
582 3983 665 4065 libro
693 3998 885 4078 vetustiore,
919 4017 961 4063 ex
993 4015 1053 4080 quo
1086 3995 1357 4070 transscribebat,
1391 4004 1464 4078 post
1496 4015 1607 4063 vocem
1641 4001 1924 4081 „pulcherrama‘f

252 4101 363 4168 statim
385 4108 590 4183 „peretrum
612 4101 749 4184 legisse,
777 4101 913 4189 sedant
935 4101 968 4166 111
990 4101 1222 4180 aequabilitate
1244 4102 1414 4166 verborum
1435 4107 1546 4182 spreta
1568 4099 1722 4168 offensum
1743 4120 1839 4168 voces
1863 4124 1926 4182 ,ac

249 4207 545 4290 propitiaturae·
568 4205 674 4271 omitti
696 4209 844 4287 oportere
866 4211 972 4272 ratum
994 4223 1066 4270 esse
1089 4209 1145 4270 aut
1167 4203 1272 4270 animo
1294 4223 1407 4284 parum
1429 4209 1553 4270 attento
1576 4223 1632 4270 eas
1654 4205 1810 4272 omisisse.

408 4307 565 4392 Quoniam
587 4309 688 4390 igitur
710 4328 751 4374 ex
773 4308 829 4386 iis,
858 4327 939 4389 quae
967 4308 1184 4389 exposuimus.
1215 4311 1341 4372 constat
1369 4325 1425 4373 cur
1452 4326 1548 4375 voces
1574 4313 1701 4391 ⁴„utque
1723 4313 1927 4392 optumas

252 4410 407 4478 Sallustio
429 4411 569 4493 scriptae
592 4413 692 4478 fuisse
714 4415 884 4492 nequeant.
907 4412 1037 4477 dubium
1058 4429 1122 4476 non
1144 4417 1204 4486 est,
1228 4411 1304 4492 quin
1326 4430 1345 4475 a
1367 4411 1523 4493 margine,
1538 4412 1594 4476 ubi
1608 4411 1642 4476 in
1655 4410 1815 4478 nonnullis
1830 4431 1925 4478 manu

252 4515 382 4596 scriptis
409 4513 628 4597 reperiuntur,
656 4517 689 4582 in
717 4521 841 4582 textum
868 4532 1040 4595 paucorum
1064 4514 1205 4580 codicum
1234 4515 1338 4595 ipsum
1360 4517 1422 4582 ivel
1455 4523 1576 4580 temere
1609 4514 1662 4580 vel
1696 4513 1735 4579 de
1768 4515 1926 4582 industria

253 4617 364 4685 illatae
386 4620 460 4686 sint.
902 4707 1165 4715 -ss
1182 4709 1275 4715 m

409 4826 481 4892 Oat.
506 4845 573 4908 cap.
599 4831 617 4890 6
642 4831 659 4902 5
683 4831 702 4890 t
724 4825 822 4908 vulgo
845 4825 925 4890 haec
952 4824 1103 4890 eduntur:

407 4930 455 4994 Hi
476 4935 644 5010 postquam
672 4929 704 4994 in
731 4947 796 4994 una
822 4928 947 4994 moenia
974 4947 1166 5002 convenere,
1196 4927 1316 5008 dispari
1345 4944 1478 5008 genere,
1507 4927 1655 4994 dissimili
1683 4929 1808 5008 lingua,
1842 4927 1926 4994 alius

253 5031 317 5098 alio
340 5051 427 5098 more
448 5033 611 5100 viventes.
636 5031 823 5098 incredibile
847 5037 1022 5097 memoratu
1045 5038 1095 5097 est
1118 5048 1211 5112 quarn
1233 5030 1329 5096 facile
1352 5029 1537 5096 coaluerint.

1755 5159 1769 5208 1
