4584 5686
1046 265 1096 348 ll

996 383 1175 390 ———..-..-..

236 507 345 601 habet,
368 523 426 589 sed
447 522 539 589 unice
562 522 748 599 adnomen,
772 521 811 587 de
834 541 895 601 quo
918 521 1039 602 aliquid
1061 519 1259 599 enunciatur,
1276 519 1426 601 pertinet.
1461 518 1519 586 Sin
1535 527 1642 585 autem
1658 539 1728 585 cum
1744 519 1915 586 Dietscbio

238 629 319 706 „olii
340 629 407 694 ulio
430 632 544 692 mord·
568 624 721 706 legimus,
745 625 835 706 quid,
859 643 993 706 quaeso,
1020 623 1139 704 plurali
1166 642 1297 688 numero
1324 623 1506 689 faciamusl
1549 623 1605 688 Illi
1631 623 1701 690 viro
1730 622 1914 690 doctissimo

236 747 350 796 vocem
373 731 473 808 „olii‘
497 729 540 794 ad
560 729 739 794 subiectum
763 731 849 805 „di‘·,
873 727 957 808 quod
976 726 1147 809 participio
1172 731 1365 804 „vivaciter‘
1393 726 1567 808 repetitur.
1602 733 1749 808 spectare
1775 726 1915 820 'eiusque

236 831 444 914 explicationi
467 831 623 898 inservire
645 832 750 896 visam
772 849 845 896 essa
866 831 938 896 luce
961 837 1012 896 est
1040 829 1167 896 clarius
1212 829 1262 894 At
1289 830 1345 908 iis,
1375 849 1456 912 quae
1485 829 1524 896 de
1552 831 1708 911 appositis
1736 848 1834 911 supra
1861 849 1916 896 ex·

236 935 410 1018 posuimus,
433 935 644 1001 consideratis
666 954 741 1000 num
765 937 841 1012 „mu
864 939 939 999 sunt
963 937 1074 1012 „uiii‘'·,
1096 952 1160 1000 non
1182 933 1269 1015 ipsi‘?
1290 933 1422 1000 Mimine
1444 952 1531 1000 vero.
1577 932 1642 1014 An,
1665 933 1694 999 si
1709 934 1761 1000 cui
1775 933 1917 1000 fortasse

236 1058 302 1106 vox
324 1040 423 1117 „olii”
445 1039 569 1119 pariter
591 1044 688 1119 atque
712 1041 844 1114 ¹,olina'
868 1037 908 1102 da
931 1037 1046 1102 minori
1067 1055 1199 1102 numero
1221 1054 1316 1122 qnam
1339 1041 1532 1115 „vivemus-
1551 1036 1762 1119 intelligenda
1775 1037 1916 1116 videtur,

237 1161 296 1225 per
318 1161 409 1208 usum
431 1141 557 1208 dicendi
578 1140 648 1208 fieri
669 1141 762 1218 iicet,
784 1146 822 1206 ut
843 1141 891 1219 id,
915 1159 976 1221 quo
1005 1140 1160 1221 quaedam
1187 1159 1263 1220 pars
1292 1140 1428 1206 alicuius
1455 1140 1504 1204 rei
1531 1139 1715 1218 denotatur,
1750 1140 1824 1207 huic
1856 1141 1916 1219 rei,

239 1265 320 1328 quae
343 1263 498 1312 summam
526 1245 665 1310 omnium
691 1244 831 1326 partium
859 1243 1036 1324 siguificat,
1071 1243 1181 1308 eodom
1216 1263 1293 1310 casn
1326 1244 1528 1324 apponatur‘l
1572 1243 1670 1310 Nullo
1703 1243 1795 1309 modo
1828 1244 1915 1310 licet.

238 1350 354 1416 Nonne
376 1349 549 1414 inhaere
572 1367 698 1429 semper
721 1347 768 1416 id.
792 1347 832 1412 de
854 1365 915 1428 quo
937 1346 1046 1427 aliqua
1067 1365 1143 1427 pars
1166 1347 1317 1424 sumitur,
1346 1347 1497 1429 genetivo
1525 1365 1602 1412 casu
1624 1347 1676 1414 vel
1703 1367 1761 1428 per
1782 1365 1917 1429 praepo-

238 1453 373 1518 sitiones
396 1451 508 1530 (inter,
531 1471 586 1528 ex,
610 1451 661 1528 de)
682 1451 758 1532 poni
780 1450 900 1516 debet‘?

391 1549 458 1620 'His
496 1554 652 1635 expositis
689 1555 785 1630 satis,
819 1553 946 1634 opinor,
981 1559 1131 1634 apparet,
1166 1554 1309 1620 coibcum
1342 1553 1437 1634 longe
1468 1552 1676 1634 plurimorum
1710 1557 1821 1632 ,silius
1848 1556 1918 1622 irtio

239 1667 355 1726 more‘·
379 1657 570 1742 scripturam
592 1657 685 1723 unice
706 1676 817 1724 veram
840 1675 912 1724 esse
936 1657 1146 1723 iudicandam.

880 1835 922 1842 n..
939 1835 1050 1840 ..—-.—-
1067 1835 1156 1841 ...η-..-
1158 1834 1231 1841 -----
1239 1833 1287 1840 -..

396 1967 474 2034 Jam
494 1957 697 2032 trarlseamus
720 1968 761 2032 ad
782 1968 887 2034 locum
914 1967 1136 2033 difficillumum
1165 1966 1237 2033 Oat.
1269 1973 1285 2031 7
1316 1972 1333 2044 5
1361 1971 1398 2044 4,
1431 1966 1560 2047 dequo
1592 1973 1628 2031 ut
1661 1971 1749 2031 recte
1783 1966 1919 2033 iudicari

239 2072 354 2154 possit,
377 2070 557 2151 scripturae
579 2070 763 2150 diversitas,
787 2089 869 2152 quae
891 2071 976 2138 inter
998 2071 1123 2137 codices
1146 2070 1328 2149 intercedit,
1346 2069 1594 2158 diligentissime
1608 2069 1841 2149 perscrutanda
1856 2075 1916 2136 ast.

242 2175 340 2242 Hunc
361 2179 468 2240 autem
489 2173 640 2240 Kritaius
662 2175 711 2240 sic
732 2175 798 2256 legi
819 2175 904 2242 vult:

396 2277 473 2354 Jam
495 2277 632 2358 primum
653 2278 819 2356 inventus,
842 2278 976 2344 simulac
997 2277 1076 2343 belli
1102 2277 1230 2358 patiens
1256 2281 1342 2355 erat,
1371 2276 1405 2342 in
1433 2277 1550 2342 castris
1583 2295 1641 2358 per
1674 2277 1794 2344 labon's
1827 2295 1918 2343 usum

396 2380 544 2446 militiam
566 2380 722 2460 discebat,
745 2381 912 2463 magisque
934 2382 967 2446 in
990 2380 1114 2446 decoris
1137 2381 1235 2446 armis
1258 2385 1293 2446 et
1313 2379 1509 2446 militaribus
1531 2379 1622 2462 cquis
1645 2399 1739 2462 quam
1753 2380 1787 2446 in
1802 2381 1919 2447 scortis

396 2488 493 2566 atque
515 2483 671 2550 conmviis
692 2483 867 2550 lubidinem
889 2485 1061 2550 habebant.
1431 2571 1435 2578 Δ

395 2586 462 2654 Vix
484 2586 548 2652 ullo
571 2585 635 2652 alio
658 2587 727 2652 loco
750 2586 876 2653 codices
889 2603 995 2652 ¹numu
1016 2587 1130 2668 scripti
1151 2585 1257 2669 magis
1279 2587 1421 2652 interae
1444 2585 1637 2668 discrepant.
1676 2586 1781 2671 Quam
1794 2593 1919 2656 tantam

242 2689 492 2772 discrepantiam
514 2707 585 2755 cum
606 2689 663 2756 vix
685 2689 852 2770 quisquam
873 2691 978 2756 animo
1001 2688 1155 2772 effingere
1178 2695 1290 2772 queat,
1317 2689 1404 2768 haud
1431 2708 1452 2755 a
1477 2707 1513 2754 re
1541 2688 1695 2770 arbitror,
1725 2697 1921 2773 quantopere

242 2793 318 2860 libri
345 2813 454 2860 omnes
480 2792 649 2870 fluctuent,
678 2792 864 2872 ostendere;
896 2794 1088 2874 praesertim
1116 2795 1198 2876 quod
1226 2793 1275 2859 ita
1295 2793 1425 2859 facilius
1447 2792 1544 2860 lectio
1566 2793 1706 2874 genuina
1727 2794 1920 2877 investigari

241 2902 359 2980 potest.
403 2899 498 2964 Haec
520 2899 628 2960 autem
650 2901 701 2961 est
723 2895 902 2977 scripturae
924 2897 1083 2964 varietas:
1946 2965 1951 2972 ,

398 2999 493 3066 simul
515 2997 635 3064 laboris
659 3017 697 3064 ae
718 2999 811 3079 belli,
832 2999 954 3066 laboris
977 3001 1071 3067 simul
1094 3019 1132 3066 ao
1158 3000 1252 3081 belli3
1281 3001 1401 3066 laboris
1428 2999 1508 3065 belli
1534 3000 1683 3081 simulam
1711 3003 1846 3070 summac
1873 3004 1921 3070 la·

399 3104 487 3170 boris
509 3122 549 3169 ac
568 3101 662 3184 belli;
685 3102 820 3170 simulac
841 3103 962 3170 laboris
983 3103 1077 3184 boib,
1105 3103 1225 3171 laboris
1253 3103 1331 3170 belli
1358 3103 1506 3182 simulac;
1540 3103 1634 3169 simul
1667 3108 1701 3170 et
1733 3105 1854 3172 laboris
1887 3111 1922 3172 at

400 3205 492 3286 belli,
514 3206 608 3274 simul
629 3213 718 3289 pacis
740 3226 779 3272 ao
800 3207 891 3286 belli;
914 3207 1048 3286 simulac
1068 3215 1158 3289 pacis
1183 3211 1218 3272 et
1243 3207 1336 3286 belli,
1363 3207 1496 3288 pericidi
1523 3206 1616 3272 simul
1643 3226 1682 3274 ac
1708 3209 1800 3290 belli;
1828 3211 1923 3276 simul
2005 3269 2009 3279 .

401 3327 440 3374 ac
461 3309 535 3376 belli
559 3316 631 3378 erat
652 3314 793 3392 patiens,
816 3310 909 3376 simul
930 3329 969 3376 ac
989 3315 1115 3390 patiens
1137 3311 1214 3376 belli
1238 3315 1319 3376 erat.
1343 3348 1385 3357 —
1406 3311 1453 3376 nt
1474 3310 1622 3376 subinde:

245 3429 304 3495 per
325 3413 469 3480 laborem
490 3432 550 3480 usu
570 3413 729 3492 militiam;
751 3413 898 3480 militiam
918 3431 979 3480 usu
998 3433 1058 3495 per
1079 3415 1237 3492 laborem;
1259 3431 1318 3494 per
1340 3414 1482 3480 laborem
1505 3417 1538 3478 et
1560 3431 1621 3480 uisu
1641 3415 1801 3496 militiam

244 3535 303 3599 per
324 3517 466 3584 laborem
488 3535 578 3584 usum
600 3518 759 3596 militiam,
780 3535 840 3599 per
861 3516 1006 3583 laborem
1026 3536 1118 3584 usum
1139 3517 1286 3596 militiae;
1308 3535 1367 3598 per
1388 3517 1507 3584 laboris
1529 3535 1621 3583 usum
1642 3517 1795 3585 militiam.

400 3622 439 3686 In
459 3625 554 3687 tanta
581 3621 725 3688 codicum
752 3620 949 3687 dissensione
980 3625 1084 3686 totum
1116 3619 1220 3686 locum
1252 3619 1395 3698 funditus
1429 3627 1612 3703 corruptum
1645 3626 1741 3703 atque
1774 3622 1815 3688 ab
1848 3621 1922 3688 aliis

246 3724 526 3805 interpolatoribus
549 3724 610 3790 alio
633 3723 725 3790 modo
746 3729 907 3789 tentatum
930 3723 1068 3789 iudicare
1091 3742 1128 3789 eo
1149 3727 1252 3790 miuus
1268 3723 1459 3803 dubitamus,
1476 3725 1559 3805 quod
1573 3729 1672 3789 etiam
1686 3729 1922 3794 vetustissimus

245 3825 383 3894 omnium
405 3828 506 3894 codex
527 3827 693 3892 Parisinus
716 3847 800 3911 ,par
822 3827 972 3894 laborem
993 3847 1063 3892 neu
1084 3827 1246 3894 mabar
1268 3829 1368 3906 tenet,
1392 3846 1474 3908 quae
1496 3821 1656 3908 scriptura
1671 3832 1833 3909 quominus
1848 3848 1921 3911 pro-

244 3931 341 3997 betur
363 3935 397 3996 et
419 3949 547 3998 sensum
569 3934 604 3994 et
624 3935 819 3996 structuram
842 3930 972 3995 obstare
994 3928 1198 3996 manifestum
1220 3935 1281 3995 est.

401 4033 542 4100 Primum
564 4035 663 4116 igitur
689 4032 763 4116 quid
789 4051 830 4098 ex
857 4033 999 4100 codicum
1026 4033 1242 4113 discrepantia
1268 4037 1338 4114 ipsa
1370 4039 1495 4100 constet
1527 4033 1700 4100 videamus.
1756 4033 1817 4119 Qui
1850 4053 1923 4102 cum

245 4137 316 4206 fera
338 4156 447 4206 omnes
467 4138 615 4204 voculam
638 4143 721 4216 „oc“
745 4137 933 4228 erbibeaut,
961 4155 1033 4202 eam
1056 4155 1077 4201 a
1098 4135 1252 4204 Sallustio
1275 4139 1429 4217 scriptam
1449 4136 1549 4203 fuisse
1572 4137 1727 4218 appareti
1744 4137 1804 4202 hoc
1825 4157 1922 4206 unum

246 4247 345 4326 igitur
365 4243 457 4308 nobis
478 4241 675 4323 relinquitur,
698 4245 734 4306 ut
756 4259 849 4322 quem
870 4240 973 4306 locum
995 4259 1037 4306 ex
1051 4239 1160 4305 ordine
1175 4239 1345 4306 verborum
1361 4240 1533 4307 obtinuerit
1547 4241 1759 4307 ostendamus.
1797 4241 1923 4310 Deinde

246 4365 324 4412 vero
346 4345 474 4411 dubium
495 4361 559 4410 non
580 4349 631 4410 est
653 4349 728 4425 quin
747 4362 811 4409 vox
834 4350 943 4422 ,μαψ
966 4342 1149 4425 principalis
1172 4346 1333 4423 scriptura
1353 4343 1497 4423 putanda
1524 4348 1581 4422 sit;
1610 4349 1715 4425 itaque
1737 4344 1798 4410 hoc
1820 4345 1923 4412 solum
2032 4375 2040 4386 ·

246 4453 489 4532 percunctemm
511 4452 653 4529 oportet,
677 4446 751 4528 quid
772 4445 812 4512 de
833 4447 964 4513 vocibus
987 4467 1072 4530 „por
1092 4446 1263 4513 laborent·
1286 4445 1465 4512 faciendum
1487 4451 1539 4512 sit.

400 4552 454 4617 De
476 4550 546 4617 loco
570 4551 708 4633 quidem,
741 4553 856 4632 quotus
877 4549 1012 4618 voculae
1034 4554 1118 4630 „ac‘'·
1148 4553 1232 4615 inter
1258 4551 1360 4615 verba
1388 4553 1545 4616 enunciati
1572 4550 1669 4615 tribui
1699 4549 1831 4620 debeat.
1858 4554 1920 4616 nisi

248 4656 401 4736 quomodo
423 4653 596 4722 Sallustius
617 4652 804 4722 adverbium
827 4655 970 4732 „aimul‘
999 4652 1180 4719 adbibuerit
1209 4652 1374 4736 qualisque
1403 4657 1614 4754 cogitatorum
1641 4671 1742 4720 nexus
1775 4658 1818 4720 sit
1849 4670 1922 4733 per·

249 4763 382 4826 scrutati
405 4777 518 4826 verum
541 4759 736 4839 investigare
759 4774 821 4822 non
841 4773 1020 4836 possumus.

402 4860 522 4928 Omnes
545 4863 651 4926 annm
673 4859 736 4926 loci
758 4864 956 4941 quotcunque
979 4858 1088 4925 inveni
1109 4859 1320 4942 inventosque
1347 4859 1433 4924 inter
1460 4873 1496 4922 so
1524 4859 1645 4926 contuli
1672 4878 1744 4926 cum
1776 4857 1825 4924 ita
1857 4859 1924 4926 sint

248 4965 440 5046 comparati,
473 4970 510 5031 ut
537 4963 725 5030 adverbium
753 4963 895 5042 „eimal‘
924 4966 982 5028 aut
1009 4962 1051 5028 ad
1071 4967 1197 5043 tempus
1220 4967 1345 5044 spectet
1367 4959 1452 5040 (Oai.
1476 4967 1495 5026 2
1520 4968 1537 5040 5
1562 4967 1595 5043 5;
1619 4967 1659 5028 33
1683 4968 1700 5040 5
1724 4967 1758 5041 53
1780 4966 1822 5028 43
1846 4969 1865 5040 5
1887 4969 1924 5043 23

247 5074 291 5135 45
314 5075 331 5146 5
355 5074 390 5148 33
414 5072 452 5132 51
477 5071 494 5146 5
518 5073 553 5143 2;
575 5066 654 5148 Jug.
678 5072 719 5132 99
742 5072 760 5143 5
786 5071 814 5143 1)
837 5069 894 5131 aut
914 5065 981 5134 vim
1003 5065 1220 5146 copulativam
1242 5067 1362 5132 habeat
1385 5063 1470 5144 (Cat.
1489 5071 1528 5130 19
1545 5071 1562 5142 5
1579 5073 1613 5144 23
1637 5071 1678 5132 20
1695 5071 1712 5142 5
1728 5069 1764 5145 33
1788 5071 1827 5131 56
1849 5073 1866 5144 5
1889 5072 1926 5148 53

1740 5184 1772 5242 2*
