4584 5686
1148 261 1203 344 14

326 521 380 582 tur
402 517 456 598 qui
478 517 662 598 pronomine
687 525 767 596 „re‘·
796 518 913 584 omisso
936 517 970 583 iu
993 517 1155 583 codicibus
1177 517 1245 583 suis
1267 537 1325 598 pro
1349 518 1421 595 „ric
1442 535 1482 582 cc
1503 519 1669 602 quicque*
1692 522 1910 588 tantummodo
1934 525 2009 600 ,cic

327 623 493 703 quicquc“
516 625 741 685 exaraverunt.
787 621 858 705 Quo
882 623 986 704 magis
1012 621 1127 686 mirum
1154 627 1219 699 est,
1249 620 1331 700 quod
1360 623 1556 702 quantopere
1589 622 1642 688 hic
1675 623 1763 689 locus
1797 643 1818 689 a
1851 625 2008 691 communi

325 742 414 789 more
436 724 607 789 verborum
623 721 803 789 diseederet
818 743 858 789 er
873 724 1049 790 editoribus
1065 723 1212 790 Sallustii
1236 742 1327 789 nemo
1349 741 1413 788 non
1435 722 1622 805 intelligens
1643 730 1753 792 tamen
1776 727 1818 793 ad
1839 728 2008 794 molestam

326 826 515 908 longiusque
537 826 710 907 repetitam
732 826 1032 908 interpretationem
1054 825 1248 892 descendere
1272 844 1380 907 quam,
1404 827 1488 906 quod
1508 846 1562 892 res
1584 829 1783 909 postulabat,
1812 850 1906 896 manu
1928 832 2009 898 scri·

326 937 454 1012 ptorum
477 929 671 996 auctoritate
694 930 794 996 semel
817 931 950 997 destitui
972 930 1095 995 maluit.

480 1033 622 1098 Accedit
644 1042 751 1098 autem
773 1034 872 1099 etiam
894 1035 961 1100 alia
982 1031 1138 1115 quaedam
1163 1049 1217 1098 res
1240 1031 1449 1114 gravissima,
1479 1051 1519 1098 ex
1547 1052 1610 1115 qua
1637 1041 1674 1099 ut
1701 1041 1814 1101 auctor
1842 1041 1922 1114 „cc‘
1945 1055 2010 1101 nou

325 1135 493 1218 scripserit
515 1135 663 1202 efficitur.
709 1135 897 1220 quemque
925 1141 1028 1202 totum
1049 1137 1152 1202 locum
1175 1141 1300 1201 amente
1321 1135 1441 1217 legerit
1462 1137 1608 1217 proiecto
1631 1137 1664 1203 in
1686 1157 1723 1203 eo
1746 1138 1901 1215 offendet,
1925 1139 2010 1220 quod

325 1258 367 1305 er
389 1239 493 1305 tribus
516 1238 684 1306 infinitivis
705 1259 765 1321 per
786 1240 1061 1306 enumerationem
1079 1239 1170 1304 iuxta
1196 1238 1311 1320 positis
1340 1239 1401 1304 duo
1428 1239 1553 1319 priores
1580 1240 1622 1305 ad
1653 1241 1863 1322 posteriorem
1898 1263 2008 1320 „cou-

326 1345 434 1426 epicz'“
457 1361 516 1408 nec
538 1360 635 1408 sensu
658 1342 851 1410 conveniunt
872 1361 931 1408 nec
954 1342 1072 1424 gradu,
1100 1360 1193 1423 quem
1216 1342 1250 1407 in
1272 1341 1442 1408 enunciato
1465 1343 1621 1408 obtinent.
1667 1343 1751 1410 Saue
1773 1345 1879 1426 potuit
1902 1344 2008 1412 Sallu-

324 1446 408 1512 stius
436 1445 544 1511 dicere
573 1448 738 1529 „qumque
765 1447 898 1513 boetem
916 1445 1026 1533 [crae
1044 1447 1276 1529 properator
1305 1450 1339 1510 et
1367 1447 1532 1529 „qualeque
1557 1465 1690 1512 orarum
1712 1450 1903 1514 crceaderc
1921 1471 2008 1532 pro-

323 1549 508 1635 pcrnbot⁴;
541 1548 600 1614 sed
631 1548 761 1614 minime
794 1567 871 1616 vero
905 1549 1071 1632 „quicque
1099 1549 1250 1629 conspici
1277 1549 1357 1613 dam
1381 1549 1448 1614 laic
1466 1547 1606 1633 sociam
1623 1547 1758 1634 fuceret
1776 1552 2008 1634 propcrcbaeu“

325 1653 496 1735 scripsisse
517 1651 678 1732 putandus
701 1657 762 1718 est.
807 1649 971 1736 Quomodo
994 1649 1080 1715 enim
1101 1650 1231 1715 tandem
1253 1648 1324 1716 fieri
1350 1650 1456 1732 potuit
1482 1654 1519 1715 ut
1547 1651 1667 1733 singuli
1694 1671 1803 1718 omnes
1836 1653 1940 1719 medio
1973 1655 2007 1720 in

325 1756 466 1822 tumultu
487 1754 602 1836 proelii
624 1755 767 1836 quolibet
788 1754 943 1836 temporis
964 1758 1083 1834 puncto
1106 1754 1378 1820 observarentur
1422 1755 1468 1819 Et
1491 1753 1575 1834 quid
1599 1773 1727 1836 quaeso,
1751 1755 1900 1836 quoniam
1922 1757 2008 1838 quis-

327 1879 388 1943 que
409 1877 600 1941 properasse
623 1857 751 1936 dicitur,
773 1858 881 1923 fecere
904 1862 940 1922 ut
962 1856 995 1921 in
1016 1874 1053 1921 re
1074 1856 1244 1938 praeclara
1266 1856 1408 1938 gerenda
1431 1857 1714 1938 conspicerentur?
1736 1859 1892 1926 Videmus
1907 1861 2009 1942 igitur

326 1969 360 2029 et
382 1962 573 2030 infinitivum
596 1963 791 2045 „conspici‘
814 1959 1011 2028 adverbum
1034 1961 1286 2042 „properator
1309 1977 1372 2024 non
1395 1959 1557 2040 pertinere
1579 1968 1613 2026 et
1634 1961 1735 2026 talem
1749 1963 1907 2029 rationem
1922 1963 2008 2030 inter

326 2085 435 2133 omnes
456 2072 525 2132 tres
547 2063 722 2130 infinitivos
744 2063 944 2130 intercedere
967 2068 1002 2128 ut
1025 2063 1086 2128 duo
1108 2061 1233 2144 priores
1255 2062 1443 2143 posterioris
1458 2063 1666 2144 explicationi
1681 2065 1869 2132 inserviant.
1907 2067 2009 2132 Prae-

325 2177 419 2238 terea
445 2169 578 2238 vocibus
607 2168 760 2246 „boetem
778 2163 906 2250 ferirc“
940 2171 975 2232 et
1008 2185 1164 2246 „crurum
1192 2168 1403 2232 oscendere‘⁴
1436 2167 1620 2233 necessario
1654 2168 1695 2232 ad
1727 2169 1897 2250 sequentia
1929 2189 2008 2249 „eas

327 2274 475 2354 diuitiae,
509 2287 565 2337 eas
593 2272 709 2336 bonam
741 2269 861 2336 ianuam
894 2287 1105 2352 magnamque
1138 2267 1340 2334 nobilitatem
1372 2269 1551 2348 putabant‘
1584 2269 1698 2336 relatis
1732 2291 1844 2338 sensus
1877 2273 2008 2340 minime

330 2383 424 2461 aptus
446 2373 600 2452 officiium
623 2372 680 2439 sed
701 2392 764 2440 vox
788 2373 950 2454 „conspici
973 2373 1047 2438 dum
1068 2372 1135 2437 tale
1158 2371 1283 2438 facinus
1306 2370 1452 2436 faceret‘
1475 2371 1516 2438 ad
1538 2391 1578 2438 ea
1600 2374 1719 2454 optime
1742 2377 1887 2456 quadrat.
1921 2376 2008 2442 Nam

328 2481 410 2549 nihil
429 2479 493 2546 nisi
516 2477 652 2562 gloriam
678 2480 917 2558 comparaturos
946 2475 1022 2556 quid
1048 2474 1139 2540 iuvat
1167 2473 1246 2539 duce
1279 2491 1342 2539 non
1375 2479 1541 2554 spectante
1575 2495 1698 2542 munim
1732 2479 1916 2545 ascendisse
1950 2497 2009 2545 sau

328 2587 456 2652 hostem
477 2581 660 2649 stravisset
1708 2631 1715 2642 .

484 2684 607 2770 Quodsi
628 2683 833 2750 memfescum
854 2688 906 2748 est
929 2682 1123 2762 „coawicc‘
1146 2680 1188 2745 ad
1213 2679 1307 2746 linem
1327 2680 1539 2760 pronunciat,
1556 2680 1701 2768 ,sar-w
1718 2701 1795 2750 vero
1811 2691 1844 2751 et
1859 2705 2007 2762 ,ncom-

328 2794 431 2859 clcre“
459 2789 501 2856 ad
533 2787 660 2854 initium
697 2793 860 2867 spectare,
890 2787 1032 2865 oportet,
1066 2800 1137 2849 cum
1169 2784 1282 2848 harum
1314 2800 1429 2849 vocum
1461 2789 1629 2866 utramque
1657 2787 1699 2852 ad
1727 2787 1816 2853 illam
1844 2788 2007 2870 explican-

330 2894 403 2960 dam
425 2893 545 2959 habeat
565 2892 642 2972 vim,
665 2894 699 2956 et
719 2889 859 2970 priorem
880 2887 981 2953 totius
1003 2886 1184 2952 sententiae
1207 2885 1371 2952 dimidiam
1392 2893 1518 2967 partem
1539 2889 1712 2968 posteriori
1734 2890 1884 2972 subiungi
1910 2897 1945 2957 et
1966 2891 2010 2958 ad

328 2998 363 3063 iu
384 2995 640 3064 coniunctionem
660 2991 790 3073 requiri.
836 2990 928 3076 Quae
951 2989 1055 3072 qualis
1077 3007 1150 3055 esse
1173 2989 1291 3055 debeat
1311 2993 1421 3054 textus
1443 2989 1513 3072 ipse
1536 2991 1666 3058 indicat.
1704 2993 1906 3061 Prouominis
1921 2995 2008 3062 enim

329 3104 411 3180 „ec“
434 3099 546 3166 littera
569 3101 632 3177 „11⁸⁶
656 3096 689 3162 in
705 3095 854 3162 litteram
877 3096 930 3176 „i“
953 3095 1079 3159 mutata
1101 3092 1281 3158 coniunctio
1305 3093 1378 3172 „ci‘
1401 3094 1531 3160 exsistit
1553 3113 1644 3176 quac,
1667 3101 1704 3161 ut
1725 3096 1846 3178 opinor,
1862 3097 2008 3164 hocloco

328 3221 392 3270 non
413 3203 513 3268 habet
534 3201 569 3267 in
590 3217 651 3282 quo
674 3198 830 3278 offendas;
853 3215 927 3264 nam
949 3196 983 3262 vi
1004 3215 1106 3278 paene
1128 3194 1300 3277 temporali
1321 3214 1393 3261 cam
1414 3214 1478 3261 non
1502 3215 1576 3264 raro
1603 3198 1785 3280 praeditam
1811 3219 1883 3266 esse
1912 3220 2009 3283 qumu

328 3325 406 3374 usus
429 3304 555 3371 dicendi
578 3303 761 3383 communis,
784 3321 825 3368 ex
847 3319 908 3383 quo
929 3317 988 3382 pro
1011 3301 1235 3378 „dummodo“
1259 3300 1311 3377 „ei
1332 3302 1453 3365 modr‘
1477 3317 1632 3382 usurpare
1647 3302 1734 3381 licet,
1749 3309 1818 3368 tum
1832 3302 2007 3371 Sallustius

329 3411 400 3493 ipse
423 3408 497 3475 (lat.
520 3413 562 3472 40
585 3413 603 3484 ἐ
627 3411 659 3472 3:
695 3411 752 3487 „at
777 3423 855 3488 ego,
884 3401 1002 3485 inquit,
1025 3401 1133 3482 vobiS,
1157 3401 1185 3467 si
1208 3401 1299 3468 modo
1322 3401 1386 3468 viri
1408 3421 1480 3469 essa
1502 3403 1614 3484 voltis,
1637 3405 1795 3472 rationem
1818 3407 2007 3476 ostendam“

329 3514 433 3582 docet.
477 3510 619 3580 Voculae
647 3515 754 3576 autem
778 3512 861 3588 „ac“
883 3511 917 3571 et
941 3508 1015 3588 „ci“
1037 3505 1128 3571 iuxta
1149 3505 1272 3586 positas
1294 3505 1373 3570 item
1395 3505 1488 3572 initio
1510 3509 1672 3576 enuntiati
1693 3509 1839 3591 reperias
1860 3509 1939 3593 Jug.
1963 3517 2006 3578 ab

329 3623 348 3696 5
374 3622 428 3683 16:
462 3615 515 3681 Ac
537 3615 566 3680 si
587 3613 653 3680 iam
674 3631 716 3679 ex
736 3611 882 3693 patribus
905 3627 973 3693 sqq.

483 3717 633 3799 Denique
666 3715 765 3783 verbo
799 3712 1052 3796 „propacooc‘
1074 3715 1148 3793 post
1170 3709 1361 3778 infinitivum
1385 3717 1616 3788 „occeudcrc“
1639 3715 1812 3795 manslato,
1835 3719 1938 3783 totum
1959 3717 2008 3784 lo-

328 3842 401 3891 cum
422 3821 471 3889 sic
491 3820 643 3904 legimus:

485 3924 572 4006 „Sed
593 3921 717 4006 gloriae
739 3937 921 3986 maxumum
942 3922 1106 3984 certamen
1127 3916 1213 3983 inter
1234 3917 1322 3998 ipsos
1344 3923 1430 3984 erat:
1460 3939 1499 3985 ae
1526 3919 1555 3986 si
1583 3919 1716 4002 quisque
1742 3921 1868 3988 hostem
1894 3922 2006 4002 ferire,

484 4045 608 4095 murrum
641 4025 815 4091 ascendere
847 4023 1057 4105 properabat,
1086 4019 1242 4101 conspici,
1269 4020 1344 4087 dum
1370 4021 1438 4088 tale
1464 4022 1590 4090 facinus
1616 4021 1754 4102 iaceret,
1783 4043 1840 4092 eos
1862 4025 2005 4106 divitias,

485 4151 556 4198 earn
577 4132 693 4197 bonam
714 4129 834 4196 ianuam
856 4143 1067 4209 magnamque
1088 4119 1290 4190 nobilitatem
1311 4126 1502 4206 putabant.“
