4584 5686
1108 362 1114 372 .
1157 258 1312 384 ‚12-

390 515 472 610 dug.
495 518 515 578 4
540 519 557 590 5
581 520 616 591 2;
650 520 691 578 ‘20
714 521 732 592 5
759 520 789 590 l;
823 520 864 580 47
890 521 907 593 5
931 522 965 585 2:
994 521 1036 581 64
1059 524 1077 594 5
1101 523 1135 595 5;
1166 523 1205 580 70
1228 523 1246 594 5
1270 521 1303 594 5;
1332 521 1468 592 9151)
1497 523 1554 582 aut
1576 517 1711 598 denique
1734 517 1967 585 coniunctionis
1990 539 2073 602 quae

394 617 512 683 dicitur
533 616 566 683 vi
589 617 770 698 praeditum
792 617 876 684 idem
899 619 982 699 quod
1004 620 1085 696 „ott
1106 621 1275 692 orimnor“
1303 619 1464 700 significet
1487 621 1577 702 (Jug.
1601 627 1641 684 97
1667 627 1683 696 5
1706 625 1748 698 4),
1779 621 1986 688 dubitandum
2009 642 2073 690 uon

393 728 459 798 est,
483 720 631 803 quoniam
654 721 741 801 apud
762 722 950 787 Sallustium
973 724 1117 800 ,nimnl‘
1139 741 1179 788 ne
1203 723 1301 788 semel
1325 723 1451 804 quidem
1479 741 1549 788 cum
1577 723 1691 804 copula
1720 729 1803 802 „oc‘·‘
1827 723 1860 789 in
1881 743 1977 791 nuum
1998 747 2073 794 ver·

392 825 466 889 bum
490 824 692 889 coniunctum
714 824 878 890 invenitur
898 843 1001 907 neque
1024 825 1088 890 ullo
1111 826 1180 891 loco
1205 834 1287 902 ,με’
1311 832 1384 908 post
1408 830 1551 906 „o'mor‘
1575 826 1710 908 legitur,
1734 827 1808 908 quin
1832 827 1925 894 limus
1948 849 2071 912 quoque

393 927 531 1008 exempli
554 927 723 1008 depravati
745 947 808 994 vox
831 930 975 1007 „oirnnt‘
1004 947 1024 992 a
1047 930 1161 1010 copula
1189 935 1272 1008 „ac‘·
1302 930 1501 1012 seiungenda
1528 930 1581 995 sit.
1626 931 1736 1012 Atque
1758 931 1842 995 hanc
1865 932 2009 1012 copulam
2031 953 2072 998 ex

391 1031 613 1096 nonnullorum
634 1030 778 1095 codicum
803 1030 864 1096 fide
892 1038 966 1111 post
992 1050 1102 1101 vocem
1133 1034 1303 1112 „lotor-is*
1338 1034 1494 1099 collocare
1528 1051 1566 1098 eo
1600 1035 1704 1100 minus
1738 1034 1946 1100 dubitandum
1979 1036 2071 1101 nobis

392 1139 458 1199 est.
482 1133 564 1214 qnod
587 1134 635 1198 sic
662 1151 790 1200 sensum
819 1134 860 1199 ad
887 1153 927 1199 ea
954 1153 1036 1216 quae
1069 1135 1243 1202 Sallustius
1278 1143 1365 1202 certe
1399 1137 1544 1203 dicturus
1578 1143 1648 1202 erat
1681 1137 1881 1219 aptissimum
1915 1139 2072 1204 elicimus.

391 1237 518 1302 Auctor
540 1237 623 1302 enim
647 1255 728 1316 cnm,
750 1238 841 1320 regio
864 1237 997 1319 imperio
1020 1240 1158 1318 sublato,
1180 1240 1292 1306 statim
1314 1259 1405 1306 suum
1429 1259 1583 1322 quemque
1598 1241 1760 1322 ingenium
1775 1241 1879 1323 magis
1895 1241 1929 1306 in
1943 1249 2071 1323 promtu

391 1342 512 1406 habere
534 1341 693 1422 incepisse
716 1342 932 1422 libertateque
955 1342 1073 1425 adepta
1101 1343 1266 1409 civitatem
1294 1344 1387 1410 brevi
1415 1343 1529 1410 mirum
1557 1351 1710 1425 quantum
1737 1344 1879 1411 crevisse
1913 1343 1954 1410 iis
1988 1363 2071 1425 quae

391 1442 587 1525 praecedunt
609 1445 741 1524 dixerit,
765 1465 826 1527 qno
849 1445 940 1512 modo
965 1445 1003 1510 'id
1029 1446 1175 1513 accidere
1203 1447 1345 1528 potnerit
1379 1447 1529 1512 ostendit.
1584 1449 1732 1530 Namque
1757 1467 1873 1514 omnes
1907 1449 2070 1514 Romanoa

392 1554 618 1613 commemorat
640 1567 680 1612 ex
702 1567 740 1613 eo
762 1554 906 1630 tempore
928 1554 1022 1615 tanta
1043 1549 1190 1615 incensos
1213 1549 1314 1616 fuisse
1342 1549 1465 1632 gloriae
1494 1551 1686 1632 eupiditate,
1715 1557 1751 1615 ut
1784 1570 1804 1616 a
1836 1551 1944 1632 pueris
1977 1569 2071 1616 omne

391 1649 531 1716 studium
554 1651 689 1718 adrem
716 1652 890 1734 gerendam
918 1653 1136 1731 conferentes,
1165 1653 1356 1734 simulatque
1390 1654 1432 1718 ad
1464 1659 1572 1720 tantos
1605 1655 1733 1720 labores
1767 1659 1902 1735 quantos
1936 1655 2069 1736 quaevis

389 1753 478 1819 bella
498 1754 607 1820 ferunt
628 1755 837 1836 perferendos
860 1755 1052 1823 idonei'sibi
1074 1757 1275 1834 videbantur,
1300 1757 1471 1822 incastris
1494 1777 1554 1823 usu
1577 1756 1724 1822 militiam
1747 1757 1871 1822 discere
1894 1763 1928 1823 et
1943 1759 2070 1824 decoris

390 1857 488 1922 armis
511 1858 663 1939 equisque
686 1859 879 1925 militaribus
902 1859 950 1925 uti
973 1878 1066 1941 quam
1090 1865 1265 1925 scortorum
1289 1865 1385 1941 atque
1408 1861 1627 1928 conviviorum
1649 1861 1815 1926 dulcedine
1838 1860 1903 1926 irui
1925 1861 2066 1928 mallent.

544 1961 666 2045 Quodsi
687 1963 770 2028 hane
792 1963 894 2028 fuisse
917 1962 1064 2029 Sallustii
1088 1964 1279 2029 «antennam
1302 1981 1403 2028 nemis
1429 1983 1537 2029 rernm
1559 1965 1673 2042 docet,
1702 1965 1765 2029 iam
1795 1963 1959 2045 quaeritur
1991 1985 2069 2046 quo·

389 2064 617 2146 modocopula
640 2069 723 2143 „nc“
749 2067 882 2134 vocibus
910 2067 1079 2143 „loboric·‘
1107 2073 1141 2130 et
1170 2068 1287 2140 ..tct!i⁴·
1316 2068 1509 2148 interposita
1542 2068 1729 2149 accipienda
1762 2067 1815 2132 sit.
1871 2067 1975 2151 Quam
2007 2069 2067 2135 hoe

389 2166 458 2233 loeo
481 2168 675 2235 adverbum
699 2171 868 2249 ,paterer
893 2168 1104 2235 definiendum
1126 2169 1257 2251 eiusque
1279 2171 1440 2237 notionem
1468 2171 1564 2237 simul
1591 2169 1771 2253 augendam
1799 2169 1909 2237 valere
1942 2189 1983 2236 ue
2016 2171 2068 2236 cui

389 2271 503 2336 mirum
526 2289 598 2336 esse
620 2271 779 2348 videatur,
803 2274 982 2355 exemplum
1003 2272 1198 2338 simillimum
1220 2274 1298 2356 Jug.
1324 2280 1364 2339 92
1389 2281 1406 2352 5
1428 2281 1450 2340 4
1472 2275 1613 2356 spectari
1634 2274 1742 2354 velim,
1760 2275 1816 2340 ubi
1831 2274 1985 2356 scriptum
2001 2279 2066 2340 est:

388 2373 524 2455 denique
547 2375 656 2441 multis
679 2375 758 2441 locis
780 2376 902 2457 potitus
924 2396 963 2442 ac
984 2376 1146 2458 plerisque
1168 2377 1314 2442 exercitu
1339 2385 1470 2444 cruento
1493 2378 1590 2445 aliam
1611 2397 1678 2443 rem
1699 2378 1894 2460 aggreditur
1916 2397 1983 2459 sqq.
2028 2375 2070 2442 Id

388 2481 495 2542 autem
518 2479 854 2574 maxime‘cavendum
877 2485 990 2545 estne
1013 2482 1084 2561 quis
1107 2482 1187 2547 duas
1209 2499 1304 2548 voces
1333 2483 1504 2558 ‚lotor-ic*
1533 2486 1566 2547 et
1594 2482 1712 2560 „belli“
1746 2500 1787 2546 ex
1819 2482 1930 2547 eodem
1964 2479 2070 2563 gradu

387 2599 460 2646 esse
483 2581 674 2662 arbitretur;
702 2601 804 2664 neque
828 2582 912 2648 enim
935 2584 1061 2649 omnino
1083 2589 1158 2649 sunt
1180 2585 1265 2650 inter
1287 2603 1322 2649 se
1344 2584 1460 2650 vocula
1483 2597 1566 2662 „oc”
1590 2585 1792 2663 coniunctae,
1816 2585 1874 2650 sed
1894 2584 1982 2665 prior
2003 2569 2067 2648 'vox

389 2685 558 2763 „laborio“
581 2685 623 2751 od
643 2685 864 2766 praedicatum
887 2687 1046 2770 „pudens
1068 2693 1164 2753 eraert‘
1187 2687 1329 2769 pertinet
1351 2707 1391 2752 ex
1414 2705 1515 2767 eaque
1537 2689 1697 2769 posterior
1719 2689 1839 2767 „teui‘
1860 2687 1988 2768 pendet.

541 2788 607 2855 Sed
628 2788 705 2870 qnid
725 2790 855 2855 tandem
877 2809 974 2856 voces
1004 2810 1088 2873 „per
1110 2791 1280 2856 babor-end
1310 2790 1373 2856 sibi
1400 2790 1537 2856 volunt?
1581 2792 1667 2856 Num
1695 2809 1715 2855 a
1742 2789 1895 2855 Sallustio
1923 2789 2066 2869 scriptae

386 2891 563 2957 censendae
587 2893 685 2958 eunti
728 2891 860 2960 Minime
887 2912 974 2959 vero.
1026 2893 1106 2958 Tria
1139 2893 1223 2959 enim
1256 2894 1402 2960 obstant:
1435 2893 1587 2974 primum
1616 2895 1699 2975 qnod
1725 2893 1759 2958 in
1786 2891 1953 2958 vocabulis
1981 2911 2068 2977 „per

386 2996 557 3061 laborem“
580 3001 614 3060 et
636 2999 747 3074 „nouu
771 2997 932 3067 ἀσυνδέτως
953 2995 1068 3077 positis
1090 3013 1182 3061 nemo
1204 3015 1267 3061 non
1290 2995 1430 3062 offendat
1450 3015 1583 3063 necesse
1598 3001 1665 3070 est;
1689 2995 1812 3076 deinde,
1828 2995 1920 3077 qnod,
1937 2994 2065 3060 etiamsi

387 3099 434 3164 sic
461 3099 567 3164 dicere
601 3099 728 3178 liceret,
763 3099 937 3165 Sallustius
965 3100 1154 3167 vocabulum
1183 3100 1320 3178 „lobor“
1348 3100 1440 3166 modo
1467 3105 1655 3181 usurpatum
1678 3100 1813 3165 subinde
1834 3098 1979 3179 profecto
2001 3117 2064 3163 nou

384 3201 586 3285 repetiisset;
613 3207 697 3282 tum,
721 3203 804 3283 quod
826 3223 910 3286 „per
932 3204 1103 3270 lotorem“
1126 3221 1189 3268 uon
1210 3203 1304 3268 modo
1324 3203 1420 3284 plane
1443 3221 1716 3285 supervacaneum
1738 3206 1804 3281 est,
1828 3202 1987 3284 (quoniam
2010 3201 2063 3284 qni

385 3306 533 3372 militiam
556 3325 615 3372 usu
637 3306 672 3371 id
694 3311 744 3372 est
767 3306 967 3387 experientia
989 3312 1086 3386 atque
1108 3307 1339 3372 exercitatione
1367 3307 1462 3374 discit
1490 3327 1562 3373 eum
1588 3325 1647 3389 per
1674 3307 1815 3372 laborem
1849 3307 1973 3371 discere
2005 3324 2064 3387 per

385 3429 421 3476 se
444 3415 547 3492 patet)
570 3410 628 3475 sed
650 3411 749 3474 etiam
771 3409 813 3474 ad
834 3410 995 3476 notionem
1017 3428 1078 3475 usu
1106 3411 1250 3476 discendi
1277 3409 1456 3490 (praktiseh
1484 3410 1642 3487 erlemeu)
1670 3410 1773 3475 minus
1800 3414 1875 3491 apte
1903 3408 2062 3474 convenit.

386 3514 450 3599 Qui
472 3513 624 3580 videlicet
644 3512 725 3578 nihil
748 3513 836 3578 aliud
857 3531 951 3593 quam
973 3513 1101 3580 labores
1122 3512 1201 3579 belli
1222 3513 1367 3595 perferre
1391 3513 1517 3592 didicit,
1546 3531 1618 3579 eum
1645 3513 1794 3580 militiam
1817 3512 1966 3578 didicisse
1988 3528 2063 3577 num

385 3624 474 3683 recte
497 3617 698 3682 iudimmust
741 3616 856 3682 Nonne
879 3617 912 3682 in
933 3618 1034 3682 multo
1061 3616 1160 3682 etiam
1187 3616 1332 3697 pluribus
1360 3637 1399 3683 ac
1426 3617 1629 3699 gravioribus
1657 3617 1783 3697 quidem
1816 3617 1912 3682 rebus
1945 3615 2064 3681 militia

385 3721 589 3787 continetur?
941 3713 944 3720 ’

540 3821 596 3888 An
617 3829 726 3903 potest
748 3823 819 3904 quis
841 3843 881 3889 ex
903 3823 1068 3888 vocabulis
1092 3845 1176 3904 „per
1197 3825 1368 3890 lotorem*
1396 3823 1444 3888 ita
1472 3827 1559 3889 certe
1588 3822 1762 3900 coniicere,
1796 3830 1832 3887 ut
1863 3841 1922 3902 pro
1950 3815 2063 3900 ss,nrn“

386 3934 426 3992 ab
450 3926 604 3993 Sallustio
627 3945 711 4005 „per
733 3931 854 3992 notum‘
878 3927 1033 4007 scriptum
1055 3926 1155 3993 fuisse
1179 3926 1290 3992 dicati
1333 3927 1382 3992 At
1410 3928 1588 4008 exemplum
1617 3926 1696 3993 illud
1717 3926 1795 4007 Jug.
1819 3930 1861 3990 85
1884 3931 1902 4001 5
1928 3931 1965 3989 13
1988 3923 2062 3988 huic

386 4030 553 4096 admodum
576 4028 680 4094 simile
701 4029 806 4111 legat:
831 4047 911 4110 quae
935 4029 982 4095 illi
1006 4029 1135 4104 litteris,
1159 4031 1229 4108 (cir.
1254 4037 1271 4107 5
1297 4037 1350 4098 12:
1374 4035 1407 4095 et
1430 4031 1512 4096 actis
1535 4031 1689 4096 maiorum
1711 4034 1745 4095 et
1760 4029 1957 4095 Graecorum
1978 4027 2061 4092 mili·

384 4135 509 4199 taribus
530 4133 725 4215 praeceptis)
748 4153 787 4198 ea
809 4152 869 4215 ego
898 4134 1064 4199 militando
1091 4133 1197 4199 didici.
1242 4134 1335 4200 Unde
1363 4133 1594 4212 consectarium
1622 4141 1687 4208 est„
1722 4138 1885 4198 auctorem
1912 4141 1948 4196 ut
1973 4133 2060 4197 viam

386 4242 481 4320 atque
503 4236 661 4302 rationem
684 4235 826 4302 discendi
854 4235 1013 4302 indicaret
1040 4241 1166 4302 sextum
1193 4255 1301 4302 casum
1329 4237 1514 4318 praedicato
1548 4237 1735 4319 apposuisse
1768 4240 1802 4301 et
1833 4235 1894 4301 hoc
1926 4235 1965 4300 de
1999 4251 2060 4316 qno

386 4340 511 4424 agimus
533 4341 601 4405 loco
624 4343 756 4421 propter
776 4342 1021 4422 subsequentem
1037 4359 1150 4406 vocem
1172 4343 1366 4418 „militiom‘
1388 4341 1461 4406 voci
1483 4343 1699 4420 „eutitianum
1723 4345 1833 4416 ,μειβ
1856 4337 2059 4420 praetulisse.

385 4443 734 4525 Aequommusquis
758 4443 990 4525 quodquidam
1018 4443 1140 4521 iecere,
1169 4463 1283 4510 vocum
1312 4449 1394 4523 „oc“
1423 4449 1456 4508 et
1485 4445 1653 4523 ,‚loborie“
1686 4447 1853 4525 utramque
1885 4441 2060 4506 tollendam

386 4567 458 4616 esse
481 4547 669 4628 suspicetur,
694 4564 788 4628 quum
811 4547 954 4612 codicum
976 4547 1153 4613 auctoritas
1175 4553 1243 4612 tum
1265 4547 1402 4612 maxime
1425 4547 1506 4612 duae
1529 4546 1614 4611 aliae
1636 4565 1689 4612 res
1712 4547 1797 4612 hand
1818 4545 1910 4624 levis,
1937 4544 2058 4626 opnor,
2091 4531 2095 4546 ¹

385 4651 536 4719 momenti
558 4651 697 4716 obstant.
742 4650 884 4716 Primum
907 4651 991 4716 enim
1014 4659 1176 4717 auctorem
1198 4651 1300 4731 ipsius
1316 4651 1543 4716 vocabulorum
1566 4649 1704 4728 „onom
1727 4655 1761 4716 et
1784 4652 1962 4730 ‚panmr‘
1986 4667 2060 4714 con·

385 4753 570 4823 sociationis
596 4754 851 4820 amantissimum
877 4753 979 4820 fuisse
1007 4756 1087 4820 haec
1114 4755 1261 4836 exempla
1283 4754 1411 4819 docent:
1433 4753 1511 4834 Jug.
1538 4757 1575 4816 17
1601 4759 1618 4828 5
1642 4758 1676 4820 6:
1700 4771 1801 4836 genus
1823 4751 1984 4816 hominum
2007 4771 2060 4816 sa-

383 4859 468 4924 lubri
492 4876 632 4938 corpore.
655 4857 759 4938 velox,
781 4858 909 4940 patiens
932 4856 1092 4936 laborum;
1114 4858 1192 4940 Jug.
1217 4864 1258 4922 28
1281 4864 1298 4934 5
1323 4862 1356 4923 5:
1379 4858 1506 4938 patiens
1529 4856 1688 4935 laborum;
1711 4856 1789 4937 Jng.
1812 4859 2058 4936 44512neque

383 4962 518 5044 periculi
539 4979 642 5043 neque
663 4961 784 5026 laboris
806 4962 949 5042 patiens;
972 4999 1013 5007 —
1037 4980 1076 5026 ae
1098 4961 1171 5026 dein
1199 4961 1293 5028 valde
1322 4960 1528 5026 dubitandum
1556 4963 1622 5037 est,
1650 4963 1755 5025 utrum
1783 4976 1841 5040 per
1869 4959 2058 5040 optimorum

382 5065 573 5147 scriptorum
596 5084 715 5131 morem
743 5064 891 5146 loquendi
913 5083 992 5130 voce
1016 5064 1112 5144 „belli
1132 5067 1318 5149 patientem
1341 5069 1439 5130 erre*
1463 5063 1511 5128 uti
1527 5062 1625 5128 liceat
1639 5080 1747 5128 necne.
1785 5062 1870 5128 Nam
1885 5061 2058 5129 Sallustius
