4584 5686
1105 283 1123 324 ’.
1144 201 1227 326 -..6.
1246 321 1275 326 .-
1296 321 1305 326 ..

355 456 457 526 5⁰¹1ss
480 471 519 520 ³⁰
540 451 772 533 Perspissffitssle
800 452 973 533 inprimis
1001 454 1205 535 consolemur
1231 459 1334 522 totam
1361 456 1555 524 sententiam
1581 457 1687 528 forma
1714 479 1809 543 quam
1835 465 2042 546 gfflmmqqpcq

359 563 472 630 116661
499 554 609 622 activa
635 551 792 634 induisse
825 573 866 620 ue
895 555 1016 622 duobus
1044 556 1198 624 ablativis
1226 559 1389 638 ,1666116
1410 561 1591 642 66611166ιι
1620 568 1667 629 61
1682 567 1823 644 „emm
1844 582 1914 649 666
1936 570 2043 636 celeri
2087 589 2090 594 ’

357 666 453 754 [remo
474 659 748 744 6166616611ὶῶ
770 657 863 724 iuxta
883 658 998 738 positis
1020 660 1175 726 orationis
1197 661 1394 744 ambiguitas
1416 661 1570 792 6666166,
1593 665 1726 802 cudrhet
1747 668 1903 750 perfacile
1925 673 1977 736 est
1999 671 2042 736 ad

490 763 614 854 endum.

360 768 490 849 menig
515 845 582 936 Sed
601 865 787 948 priusquam
809 864 852 929 ad
872 863 1004 930 tertiam
1027 865 1246 946 quaestionem
1266 871 1485 948 trameamus,
1514 873 1668 952 quomodo
1696 873 1886 941 Dietschius
1911 829 1945 940 et
1966 895 2039 944 ver·

358 979 503 1053 horum,
506 977 624 1053 ,tamen
646 969 732 1034 inter
757 971 852 1032 tanta
877 967 961 1034 vitia
988 968 1150 1035 imbecilla
1176 973 1268 1034 aetas
1296 970 1470 1037 ambitione
1498 979 1649 1057 corrupta
1674 977 1867 1044 tenebatur“
1896 983 2039 1044 mneno-

353 1081 500 1147 6116666
520 1074 592 1140 fleri
614 1077 649 1140 61
669 1069 905 1153 participium.
908 1077 1104 1155 wore-opto
1128 1072 1211 1153 quod
1232 1090 1344 1138 vocem
1366 1074 1593 1152 „ambitione”
1616 1079 1761 1161 sequitur
1782 1079 1923 1162 intelligi
1948 1079 2040 1162 velit,

351 1183 497 1250 reticere
517 1196 582 1244 666
602 1192 779 1258 possumus.

515 1279 580 1365 Qui
601 1298 672 1345 cum
695 1277 788 1356 dicit,
815 1275 1004 1344 Sallustium
1026 1275 1079 1342 hic
1101 1296 1136 1342 66
1159 1295 1329 1358 excusare,
1352 1278 1437 1360 quod
1457 1298 1521 1347 uon
1543 1281 1607 1348 iam
1628 1284 1717 1365 prius
1737 1291 1881 1369 aetatem
1903 1305 1925 1351 a
1944 1304 2038 1368 repu-

355 1387 446 1456 blica
465 1383 578 1471 procul
598 1380 758 1460 habuerit,
782 1380 916 1462 ideoque
937 1397 1035 1447 voces
1058 1381 1169 1460 ,16161-
1184 1383 1284 1448 hato
1296 1383 1399 1450 atim
1415 1383 1597 1452 arctissime
1612 1405 1683 1452 666
1698 1388 1797 1454 verbo
1813 1389 2038 1468 „tenetotw‘

359 1491 596 1572 coniungantur
617 1490 775 1568 oportere,
797 1481 894 1567 plane
916 1483 1081 1549 immemor
1101 1486 1153 1548 661
1174 1481 1244 1549 6166
1266 1483 1325 1564 rei
1348 1486 1431 1567 quod
1452 1486 1626 1555 Sallustius
1647 1509 1683 1556 se
1705 1491 1747 1556 ab
1770 1491 1850 1574 ipsis
1870 1492 1921 1558 his
1935 1493 2038 1560 166116

358 1595 450 1665 vitiis
470 1591 678 1661 vehementur
699 1587 905 1654 abhorruisse
927 1584 1069 1652 affirmat
1090 1603 1225 1667 eamque
1247 1588 1288 1653 ob
1309 1605 1379 1653 rem
1400 1589 1459 1655 illa
1479 1607 1543 1656 non
1564 1590 1710 1674 fuerumt,
1738 1613 1796 1660 cur
1816 1595 1851 1660 in
1871 1594 2040 1676 republica

357 1699 458 1768 etiam
479 1694 600 1762 diutius
621 1696 823 1768 versaremm
846 1689 923 1755 illae
945 1707 1042 1755 voces
1063 1689 1172 1771 potius
1193 1690 1337 1772 proxime
1360 1691 1403 1757 ad
1424 1693 1612 1772 ,1661661116
1626 1700 1747 1763 66166*
1762 1697 1926 1779 pertinere
1941 1717 2038 1779 quun

354 1805 428 1886 ipse
448 1799 619 1868 verborum
647 1795 724 1861 ordo
750 1798 819 1860 tum
840 1792 977 1858 maxime
999 1811 1041 1858 ea
1061 1811 1115 1858 res
1137 1792 1246 1874 docet,
1270 1794 1353 1874 quod
1374 1800 1482 1875 aetas,
1505 1815 1570 1878 qua
1590 1797 1812 1866 adolescentes
1833 1801 1972 1868 1166661
1995 1802 2038 1870 ad

354 1900 586 1988 rempublicam
608 1897 761 1965 accedere
782 1895 945 1976 solebant,
968 1894 1034 1961 iam
1054 1895 1155 1961 multo
1177 1897 1280 1962 maior
1301 1901 1374 1964 erat
1399 1917 1494 1980 quam
1523 1917 1605 1982 quae
1632 1920 1691 1984 per
1717 1921 1754 1968 ee
1781 1901 1944 1970 imbecilla
1970 1904 2037 1972 1161

352 2011 476 2094 posset
519 1999 720 2071 Imbecillam
741 1999 843 2082 igion
864 2003 1006 2065 6616166
1027 2017 1120 2065 suam
1141 2005 1255 2066 auctor
1275 1999 1421 2089 dicturus
1442 2003 1569 2070 666166
1596 2023 1661 2070 666
1687 2005 1820 2084 1616661,
1848 2006 1914 2073 6161
1940 2007 2035 2088 qnod,

279 2103 281 2106 ’
355 2119 408 2181 161
428 2110 593 2189 tantisque
614 2104 706 2173 vitiis
728 2103 763 2169 16
783 2101 950 2184 republica
970 2101 1168 2186 vigentibus,
1189 2122 1312 2170 morum
1333 2104 1517 2187 integritati
1538 2107 1718 2176 servandae
1740 2107 1896 2190 imparem
1916 2129 1954 2176 66
1969 2109 2036 2178 levi

353 2219 482 2284 tautum
504 2208 689 2279 ambitionis
710 2207 792 2274 vitio
815 2207 975 2288 corrumpi
996 2223 1112 2287 passus
1135 2211 1223 2272 esset
1245 2206 1360 2273 mirum
1381 2226 1444 2274 non
1466 2227 1539 2274 esse
1561 2209 1668 2276 dicere
1690 2210 1857 2278 valuisset.

509 2315 583 2383 Nec
603 2311 709 2394 magis
735 2309 829 2377 nobis
856 2309 989 2391 probari
1014 2313 1138 2390 potest,
1166 2310 1250 2390 quod
1276 2310 1466 2378 Dietschius
1493 2313 1527 2378 in
1559 2313 1693 2380 vocibus
1726 2315 1932 2394 ,6661111666
1954 2335 2034 2383 eor-

353 2424 482 2507 rapln“
504 2433 637 2502 prorsus
657 2413 739 2480 nihil
761 2411 946 2479 6166616616
968 2412 1075 2478 166666
1096 2411 1191 2478 nobis
1212 2413 1407 2506 persuadere
1429 2415 1547 2482 studet
1585 2415 1671 2482 Saue
1688 2415 1815 2498 quidem
1829 2417 2035 2500 participium

356 2523 581 2607 ‚por-mles,
603 2539 643 2600 6,
664 2521 744 2585 661*
777 2516 848 2582 fere
876 2515 944 2582 vim
971 2514 1125 2582 adiectivi
1152 2514 1273 2581 habere
1300 2534 1342 2582 ex
1368 2517 1514 2599 exemplo
1542 2537 1563 2584 6
1590 2517 1746 2586 Sallmtio
1767 2519 1837 2602 ipso
1859 2521 1982 2604 (Frgrn
2005 2521 2033 2600 1,

354 2633 397 2695 47
421 2634 439 2706 5
462 2628 505 2705 7.)
525 2624 629 2708 661116
651 2625 801 2740 apparet
828 2619 887 2686 sed
914 2617 1068 2700 quomodo
1096 2617 1229 2684 huiusce
1256 2619 1405 2687 vocabuli
1431 2620 1594 2687 notionem
1625 2622 1666 2687 ab
1699 2622 1827 2690 homine
1859 2624 2034 2692 ambitione

353 2735 504 2811 6666616
526 2727 569 2794 61
590 2725 799 2792 ambitionem
821 2722 925 2804 ipsam
945 2721 1126 2787 transferre
1148 2719 1262 2801 liceat,
1285 2723 1444 2790 mehercle
1471 2723 1571 2806 multo
1599 2725 1699 2792 61166
1727 2723 1891 2794 difficilius
1912 2732 1965 2794 est
1985 2726 2033 2796 in·

350 2835 488 2902 tellectu
510 2849 605 2913 quam
627 2827 708 2895 illud
728 2825 868 2894 vexandi
889 2826 1038 2903 verbum,
1067 2824 1151 2905 quod
1172 2825 1259 2907 apud
1279 2825 1484 2894 Dietschium
1504 2831 1631 2894 166166
1651 2828 1795 2896 habebat
1816 2829 2031 2911 offensionem,

355 2938 395 3004 16
417 2939 513 3002 rebus
536 2950 659 3016 quoque
680 2928 873 3012 praedicari.
917 2925 1059 2994 Accedit
1080 2926 1296 3010 etiam‘quod
1317 2947 1441 3010 sensus,
1464 2948 1558 3012 quem
1571 2931 1761 2999 Dietschius
1782 2932 1892 2999 verbis
1912 2936 2034 3013 „neta

356 3040 541 3108 ambitione
561 3037 728 3119 corrtqrto
750 3033 953 3100 teoctotur“
981 3030 1141 3111 vindicat,
1169 3031 1299 3098 minime
1321 3031 1514 3116 investigari
1534 3037 1659 3114 potest;
1685 3051 1760 3101 uam
1782 3034 1837 3118 qui
1858 3035 2032 3104 ambitione
2065 3051 2068 3061 ¹

356 3145 525 3224 corruptus
547 3144 613 3217 est,
635 3135 881 3218 haudquaquam
903 3133 932 3200 16
954 3133 1038 3200 6616
1061 3152 1160 3216 agere
1182 3153 1310 3218 semper
1330 3141 1479 3217 putatur,
1506 3137 1565 3204 sed
1592 3135 1765 3204 ambitione
1794 3143 1907 3220 666166
1934 3138 2033 3206 66161

350 3243 623 3328 6666116166
643 3257 827 3320 morumque
850 3237 1075 3320 integritatem
1096 3237 1244 3304 amisisse
1270 3239 1489 3306 tantummodo
1516 3239 1650 3320 dicitur;
1679 3239 1733 3321 qui
1761 3257 1875 3310 666666
1897 3242 1940 3308 61
1959 3260 2031 3323 per·

350 3349 544 3435 petuitatem
566 3341 799 3411 sententiarum
822 3341 915 3408 unice
936 3340 1118 3422 respondet
1164 3339 1256 3426 Quae
1278 3342 1421 3409 666116
1441 3342 1518 3422 sint,
1540 3342 1700 3411 61666116
1720 3344 1919 3412 dubitatione
1939 3363 2032 3412 usum

352 3451 495 3531 dicendi,
516 3467 558 3515 ex
580 3465 642 3528 quo
663 3447 797 3513 verbum
819 3436 978 3526 „lennd‘
1000 3462 1158 3526 persaepe
1180 3463 1251 3510 cum
1273 3444 1445 3529 participio
1468 3445 1596 3528 generis
1619 3448 1673 3528 qui
1687 3447 1805 3515 dicitur
1818 3447 1942 3529 passivi
1957 3466 2030 3516 cou-

352 3551 669 3636 1666616166,
692 3548 865 3615 tenendum
886 3553 921 3614 et
942 3547 1175 3630 cogitationum
1197 3546 1438 3630 simplicitatem
1460 3567 1523 3616 non
1544 3549 1647 3616 minus
1670 3569 1766 3634 quam
1786 3552 1958 3619 verborum
1978 3571 2030 3618 or·

350 3661 459 3732 11666
479 3653 714 3739 respiciendam
734 3671 807 3719 esse
829 3649 1015 3718 iudicamus.

506 3885 580 3952 (lat.
602 3901 673 3965 666.
696 3887 718 3948 4
741 3885 778 3960 §t
799 3885 820 3959 ,1
843 3885 878 3946 61
900 3885 919 3945 2
941 3879 1023 3946 haec
1048 3879 1265 3947 continentur:

508 3985 635 4072 ,Jgitur
662 3985 718 4052 ubi
739 3984 863 4050 animus
886 4001 927 4049 cx
948 3982 1058 4050 661116
1079 3982 1219 4050 miseriis
1242 3988 1339 4066 atque
1360 3983 1513 4066 periculis
1535 3984 1695 4067 requievit
1716 3989 1751 4050 et
1773 3985 1851 4052 mihi
1872 3983 2029 4069 reliquam

351 4101 494 4166 aetatem
515 4110 537 4158 a
557 4088 723 4172 republica
743 4085 855 4170 procul
876 4085 1056 4152 habendam
1077 4085 1223 4167 decrevi,
1251 4104 1315 4153 non
1340 4085 1405 4154 fuit
1426 4087 1593 4156 consilium
1614 4085 1763 4154 socordia
1784 4093 1881 4171 atque
1903 4088 2030 4156 1661116

348 4204 468 4267 honum
489 4196 589 4262 otium
612 4197 778 4260 conterere
798 4207 904 4271 neque
924 4205 1003 4257 vero
1031 4208 1145 4272 agrum
1172 4189 1304 4257 colendo
1332 4195 1390 4256 aut
1417 4192 1578 4271 venando,
1611 4189 1784 4258 servilibus
1816 4191 1946 4272 officiis,
1980 4191 2027 4258 16-

349 4307 476 4371 166166
499 4303 641 4366 aetatem
663 4312 778 4378 agera
800 4293 859 4359 sed
881 4309 902 4359 a
924 4311 985 4374 quo
1007 4293 1135 4375 incepto
1156 4293 1325 4376 studioque
1347 4313 1399 4360 66
1420 4294 1552 4362 ambitio
1578 4291 1665 4360 mela
1691 4292 1887 4374 detinuerat,
1915 4292 2028 4360 eodem

349 4421 520 4490 regressus
541 4399 643 4468 statui
664 4417 718 4466 res
740 4401 852 4480 gestas
873 4395 983 4479 populi
1004 4397 1142 4464 Romani
1155 4448 1291 4464 .......
1324 4395 1539 4479 perscmhere3
1562 4399 1652 4478 sqq.“

461 4520 464 4528 ’
504 4503 655 4574 Omnium
680 4502 750 4569 fere
776 4500 919 4569 virorum
945 4499 1110 4568 doctorum
1137 4499 1270 4583 ingenia
1295 4517 1392 4569 voces
1425 4499 1629 4581 ,6666111166
1654 4497 1799 4587 officim*
1832 4516 2027 4582 magnopere

348 4613 570 4683 exercuerunt.
615 4607 695 4692 Qui,
723 4623 795 4672 cum
821 4609 856 4670 at
877 4601 1110 4686 egricmturam
1131 4609 1166 4670 et
1185 4604 1390 4672 venationem
1412 4602 1497 4684 apud
1517 4602 1679 4670 Romanos
1701 4621 1827 4686 semper
1848 4602 1883 4668 iu
1904 4621 2026 4670 summe

345 4717 469 4785 honora
490 4713 592 4781 fuisse
614 4729 656 4778 ex
676 4709 757 4793 ipsis
779 4705 984 4789 antiquitatis
1005 4705 1217 4790 scriptoribus
1239 4711 1376 4788 constet,
1399 4724 1461 4789 quo
1482 4705 1552 4772 inre
1572 4703 1747 4774 Sallustius
1769 4709 1936 4788 unumque
1958 4711 2025 4774 stu·

349 4821 436 4890 dium
457 4815 578 4886 servile
600 4813 740 4882 officium
762 4811 898 4880 dixisset
918 4829 1032 4894 parum
1055 4809 1276 4894 intelligentes
1298 4809 1443 4894 plerique
1464 4809 1514 4876 116
1535 4807 1740 4892 interpretati
1764 4813 1855 4889 sunt,
1882 4813 1920 4876 ut
1945 4810 2046 4932 haee

346 4922 457 4992 6111616
476 4940 540 4990 666
559 4937 618 5004 per
639 4937 677 4986 se
697 4915 876 4986 servillai.
904 4931 933 4980 e.
964 4932 1045 4998 quae
1072 4915 1178 4984 servis
1204 4913 1462 4996 relinquerentur
1489 4911 1602 4996 digna,
1636 4913 1694 4980 sed
1725 4911 1789 4978 6161
1821 4929 1893 4978 cum
1925 4875 2046 4980 66161

347 5026 550 5095 contentione
572 5021 692 5091 6611616
712 5037 776 5088 666
796 5017 931 5086 humilia
951 5036 1025 5086 6666
1047 5017 1200 5086 dicerent
