4584 5686
1116 219 1259 312 ,3,

1125 347 1161 354 ω.-
1168 349 1227 354 -....-

548 480 704 561 Thysius:
737 499 776 547 ac
798 499 865 561 me,
880 483 989 564 quum
1004 434 1053 548 'ab
1075 482 1251 566 reliquis..
1267 459 1277 550 .’
1288 537 1381 552 .....
1417 489 1488 556 hon.
1519 507 1589 571 cop.
1618 489 1744 568 eadem,
1774 509 1856 571 quae
1884 497 2021 574 ceteros,

735 586 824 652 fama
845 589 941 666 atque
964 586 1029 653 inv.
1050 605 1144 679 vex„

382 667 496 736 Editio
517 668 694 751 Bipontina

382 771 549 840 Gronovio
571 777 703 840 auctora

398 875 553 965 scriptum
575 876 689 945 habet:
734 897 773 944 ao
800 896 867 944 me.
897 895 992 959 quum
1011 880 1062 946 ab
1088 879 1368 962 reliquorumm
1383 883 1496 950 ..hon
1525 901 1596 965 cup
1625 883 1754 952 eadem.
1781 888 1846 966 quia
1866 891 2022 968 caeam

735 979 942 1063 sumebatque
964 981 1029 1049 inv.
1051 1000 1125 1049 ven
1185 997 1191 1026 ⁴

356 1137 363 1150 .
856 1084 911 1152 Ex
930 1084 1164 1152 recentioribus
1827 1165 1858 1186 „

381 1199 386 1209 ¹
508 1183 700 1252 Muellerum:
734 1205 773 1252 aa
793 1205 860 1266 mo,
883 1206 978 1268 quum
1006 1189 1047 1253 ab
1075 1186 1209 1270 reliquis
1221 1241 1357 1256 .......
1392 1190 1465 1258 hom
1492 1209 1576 1274 cup„
1609 1193 1853 1276 cadensque
1886 1199 2023 1278 ceteros,

734 1287 823 1356 fama
844 1294 941 1372 atque
963 1290 1029 1358 inv.
1051 1309 1123 1358 vex„

444 1391 619 1460 Jcmbsius

517 1499 552 1561 et

442 1598 619 1668 Iordanus·

531 1717 697 1810 Kritzinns:
718 1737 775 1784 ac
795 1737 863 1800 mc,
887 1737 982 1802 quum
1009 1721 1050 1788 ab
1078 1721 1208 1788 reliquis
1221 1763 1348 1788 .......
1372 1721 1444 1789 bon
1473 1739 1543 1806 cap
1572 1722 1747 1804 eademque
1781 1743 1863 1863 quae
1896 1683 2021 1796 ceteros

517 1835 521 1842 ·
733 1821 824 1888 lama
844 1824 974 1906 atqua
963 1843 1029 1892 mv.
1051 1842 1124 1892 vex.

494 1924 701 1992 Dietsclrius.
734 1943 773 1990 ac
799 1941 865 2006 me,
894 1943 966 1992 cnm
992 1926 1034 1993 ab
1062 1926 1255 1994 reliquorum
1268 1979 1362 1994 .....
1397 1928 1468 1995 hon
1498 1947 1567 2011 cup.
1596 1928 1709 1996 eadam
1735 1930 1911 2013 eademque
1939 1951 2021 2017 quac

735 2033 863 2096 ceteros
883 2028 973 2096 fama
993 2030 1123 2112 atque
1113 2047 1178 2096 mv.
1201 2047 1274 2098 rex.
1330 2087 1332 2098 .

487 2147 580 2232 Quae
602 2165 673 2214 cum
696 2148 744 2214 ita
765 2148 846 2229 sint,
868 2150 941 2216 luce
963 2155 1015 2217 est
1036 2151 1171 2229 clarius,
1195 2156 1332 2232 quatuor
1353 2171 1407 2217 res
1428 2153 1521 2218 nobis
1549 2153 1582 2218 in
1608 2153 1669 2218 bac
1696 2153 1883 2234 quaestione
1910 2157 2021 2226 viden·

337 2252 532 2440 dnprfflm:
555 2357 662 2420 utrum
686 2356 940 2441 ,ιιιιιιοιιιιιιι
962 2373 1004 2422 an
1026 2357 1213 2443 „reliquic“
1237 2355 1413 2440 legendnm¹
1429 2357 1483 2425 sit.
1553 2381 1556 2386 ·

404 2458 534 2525 deinde:
555 2475 631 2524 num
651 2459 834 2539 pronomen
847 2455 1014 2538 ,‚cndcm“
1034 2459 1197 2538 pertineat
1219 2460 1262 2526 ad
1288 2459 1534 2540 praecedentem
1561 2479 1672 2528 vocem
1699 2465 1870 2550 ‚‚capido⁴‘
1903 2483 1945 2532 an
1978 2467 2021 2533 ad

556 2560 725 2642 sequentia
745 2561 856 2628 verba

440 2670 524 2732 turn.
553 2664 671 2745 sitne,
673 2660 830 2745 ‚codcm“
848 2668 960 2730 sextos
983 2682 1025 2729 an
1046 2663 1168 2745 primus
1190 2681 1294 2732 casus

747 1461 786 1510 ac
808 1461 873 1523 me,
897 1463 992 1526 quum
1018 1447 1059 1511 ab
1087 1407 1282 1528 reliquorum
1295 1500 1302 1513 .
1360 1501 1367 1514 .
1383 1499 1410 1513 ..
1444 1449 1516 1520 hou.
1552 1465 1633 1564 cup.
1656 1451 1769 1578 eadem
1802 1455 1865 1534 qua
1896 1451 2022 1522 ceteros

789 1548 879 1614 fama
900 1548 1029 1630 atque
1019 1565 1084 1616 mv.
1106 1563 1179 1615 vex.
1373 1557 1380 1570 '

375 2767 525 2850 denique:
554 2771 661 2834 utrum
682 2766 794 2834 statim
814 2771 889 2850 post
910 2783 1116 2850 pronomen,
1120 2765 1466 2892 ,cadcm“t‘{rela1vu1n
1491 2769 1648 2884 qa„crc“
1639 2787 1673 2836 ιιι
1686 2772 1926 2920 manuscriptis
1949 2775 2019 2842 iue-
2120 2845 2122 2850 ,

556 2870 600 2936 ιιι
621 2887 731 2936 necue

496 2975 570 3041 Has
592 2991 716 3056 qnoque
738 2973 953 3054 quaestiones,
976 2973 1073 3040 sicuti
1094 2974 1235 3055 priorem
1256 2971 1356 3054 illam
1378 2973 1443 3040 nisi
1465 2974 1679 3058 cogitatorum
1700 2995 1785 3044 nexu
1806 2980 1928 3047 acriter
1948 2999 2019 3063 pen

339 3083 453 3162 specto
474 3077 558 3145 solri
578 3095 643 3143 non
663 3093 758 3158 posse
780 3075 851 3158 quis
873 3081 926 3142 est
947 3077 1024 3160 quin
1044 3065 1234 3158 mtauigctt
1467 3117 1473 3128 ·

495 3180 720 3264 Respiciamus
741 3179 843 3262 igion
862 3180 1000 3262 primum
1027 3179 1151 3261 adea,
1180 3197 1263 3262 quae
1290 3178 1464 3248 Sallustius
1491 3183 1691 3266 antegressis
1718 3183 1758 3250 de
1785 3203 1822 3250 se
1849 3185 1919 3268 ipse
1946 3205 2018 3254 con-

339 3285 449 3353 iesaus
470 3289 531 3350 eet.
577 3283 641 3350 Ubi
663 3301 735 3350 cum
755 3299 820 3348 non
840 3281 912 3350 sine
940 3283 1049 3366 aliqua
1074 3282 1174 3350 animi
1201 3281 1381 3350 acerbitate
1408 3282 1542 3365 dixerit,
1571 3283 1695 3364 auctori
1726 3303 1834 3354 rerum
1866 3289 2020 3358 maionem

339 3387 469 3472 <pridem
491 3405 586 3469 quam
607 3386 759 3470 scriptori
780 3385 917 3468 gloriam
938 3385 1109 3469 impertiri,
1130 3391 1240 3452 ιιιιιιιιι
1261 3387 1420 3453 iaticum
1441 3387 1609 3455 historiam
1629 3387 1792 3456 scabendi
1805 3390 1905 3459 multo
1920 3393 2019 3459 etiam

340 3489 554 3559 diibcffimem
576 3490 710 3573 ideoque
731 3489 827 3573 (qood
848 3507 890 3555 ex
916 3489 1049 3558 vocibus
1076 3486 1178 3570 „Sed
1197 3507 1260 3573 cqc
1281 3491 1583 3559 adolescentulum
1610 3491 1750 3558 meantis
1777 3492 1898 3561 tertiae
1924 3513 2018 3580 para·

274 3665 278 3676 ,
340 3595 458 3679 graphi
480 3593 595 3661 eoniici
615 3596 736 3676 potest)
758 3593 914 3676 imprimis
936 3592 1069 3675 dignam
1092 3611 1174 3673 esse,
1198 3609 1280 3674 qnae
1302 3591 1344 3658 ab
1367 3592 1615 3660 adolescentulis
1637 3594 1727 3662 iliam
1749 3595 1943 3679 quaesitoris
1958 3600 2019 3667 ini-

339 3701 445 3777 retur,
473 3717 510 3765 sa
541 3697 611 3780 ipse
637 3701 784 3777 accusat,
814 3695 897 3778 quod
924 3695 1092 3762 admodum
1119 3693 1307 3762 adolescens
1335 3695 1462 3776 quidem
1490 3695 1587 3763 sicuti
1607 3695 1753 3779 plerique
1774 3701 2021 3770 commodiorem

339 3801 537 3883 eandemque
558 3800 805 3867 fructuosiorem
826 3803 956 3866 secutus
978 3798 1153 3866 ambitione
1175 3815 1212 3864 se
1234 3797 1340 3880 abripi
1361 3817 1401 3865 ac
1422 3799 1581 3880 connmpi
1602 3817 1718 3882 passus
1732 3801 1786 3869 sit.
1823 3803 1897 3870 Hoc
1911 3809 2020 3872 autam

339 3903 422 3972 vitio
442 3923 481 3970 se
501 3909 653 3972 vexatum
674 3903 776 3970 fuisse
797 3903 1043 3986 haudquaquam
1070 3900 1276 3969 dissimulans
1303 3901 1399 3968 simui
1426 3902 1477 3968 sui
1504 3904 1680 3972 excusandi
1707 3905 1816 3988 gratia
1843 3905 1922 3974 dicit
1948 3909 2020 3976 eius

339 4007 390 4075 rai
411 4007 537 4091 culpam
557 4023 622 4074 non
642 4011 710 4073 tam
731 4007 766 4073 in
786 4025 892 4073 mores
914 4005 1016 4088 ipsius
1038 4023 1133 4088 quam
1154 4005 1189 4070 in
1216 4003 1335 4070 aetatis
1363 4004 1618 4072 imbecillitatem
1645 4025 1684 4074 ac
1711 4008 1849 4074 maxime
1876 4010 1911 4077 in
1936 4012 2022 4080 sitia

339 4110 512 4190 audaciae,
533 4110 731 4194 largitionis,
754 4110 914 4178 arandae
936 4109 992 4177 illo
1013 4113 1159 4200 tempore
1179 4125 1337 4190 nusquam
1357 4108 1392 4174 in
1412 4107 1580 4190 republica
1600 4127 1664 4176 non
1684 4109 1833 4193 vigentia
1853 4115 2018 4183 conteren-

339 4213 414 4281 dam
435 4231 525 4294 esse;
544 4219 596 4281 tot
616 4214 780 4296 tantisque
801 4213 892 4281 vitiis
913 4213 1052 4295 undique
1075 4213 1109 4279 in
1131 4230 1167 4278 se
1187 4211 1414 4294 ingrueutibns
1435 4212 1591 4294 imperem
1617 4213 1667 4280 ita
1691 4218 1818 4280 tantam
1844 4236 1880 4284 se
1907 4238 2018 4286 succu-

338 4317 461 4398 buisse,
481 4322 519 4383 ιι
540 4317 709 4385 ambitioni
730 4315 858 4400 quidem
878 4319 1074 4398 potestatam
1095 4315 1148 4382 sui
1167 4314 1271 4396 umet,
1294 4315 1354 4382 sed
1375 4316 1417 4382 ab
1439 4313 1572 4398 reliquis
1594 4315 1688 4383 malis
1710 4317 1851 4385 moribus
1872 4321 2018 4388 omnibns

339 4419 438 4489 sicuti
459 4425 557 4490 antea
577 4439 700 4488 summo
720 4419 828 4487 taedio
855 4419 1054 4486 abhorreret.
1099 4417 1204 4504 Quam
1231 4415 1305 4485 levo
1337 4423 1446 4486 antam
1478 4418 1663 4486 ambitionis
1695 4419 1811 4487 vitium
1844 4421 2018 4491 Sallustius

341 4523 549 4605 iudicaverit,
571 4543 612 4592 ex
634 4524 726 4591 initio
748 4522 865 4605 eapitis
886 4521 1046 4590 undecimi
1069 4526 1220 4604 apparet,
1242 4521 1298 4588 ubi
1319 4521 1354 4590 id
1374 4521 1506 4605 propius
1527 4521 1683 4589 ιιιιιιιιιιι
1704 4521 1802 4592 diest.
1846 4527 1961 4608 Itaque
1983 4527 2018 4594 ln

339 4628 392 4696 sui
413 4629 515 4712 ipsius
537 4627 742 4695 excusatione
764 4625 894 4693 minimo
915 4626 1123 4709 acquiescens
1144 4623 1243 4692 etiam
1265 4626 1419 4707 queritur,
1443 4623 1526 4706 quod
1546 4627 1614 4691 tam
1635 4624 1704 4695 levi
1724 4628 1806 4696 vitio
1827 4629 1861 4694 in
1881 4629 2017 4699 eandem

339 4749 401 4798 nec
421 4732 576 4800 minorem
597 4731 717 4798 tamam
739 4735 835 4814 atque
862 4729 1016 4797 invidam
1042 4727 1208 4809 inciderit,
1242 4745 1337 4814 quam
1365 4727 1467 4796 catari
1492 4726 1588 4794 malis
1614 4729 1756 4798 moribus
1783 4733 2020 4816 contemptione

236 4897 240 4908 .
338 4853 418 4904 rota
439 4834 547 4919 dignis
568 4833 633 4902 sibi
654 4832 831 4902 oontlmint.

1837 5041 1867 5098 l*
