4584 5686
1115 215 1146 298 4

443 471 511 540 Η11
524 436 632 538 'nexus
661 450 876 554 cogitatorum
902 475 971 544 tam
998 469 1135 554 simplex
1162 473 1214 537 est
1233 450 1384 554 ‘adeoque
1417 469 1523 537 animo
1555 468 1703 538 Sallustii
1736 472 1901 554 convenit,
1933 475 1975 540 ut

287 576 419 645 dubium
441 593 516 641 esse
535 579 691 657 nequeat,
715 573 791 657 quin
813 575 1011 661 „reliqur'a“,
1033 591 1096 640 uon
1119 575 1374 672 ‚‚rcliquorum“
1400 571 1572 657 legendum
1598 573 1657 656 sit,
1684 575 1877 655 praesertim
1899 592 1972 643 oum

286 679 439 749 Kritzius
461 682 551 744 recte
573 676 747 758 monuerit,
771 676 982 758 „Sallustium
1004 676 1211 744 ambitionem
1233 676 1338 757 malis¹
1355 677 1511 758 moribus,
1540 695 1618 758 quos
1645 677 1903 760 vituperaverat,
1936 678 1972 746 in

287 802 385 851 unum
408 782 500 864 quasi
522 781 761 863 comprehensis
783 797 942 863 opponere
963 780 1106 847 voluisse
1127 798 1188 847 nec
1210 778 1318 846 dicere
1338 781 1502 862 potuisse,
1528 799 1564 846 se
1592 782 1633 847 ab
1660 780 1854 863 reliquorum
1874 775 1972 850 melis

288 888 413 956 artibus
436 885 591 966 ahenum,
620 884 796 952 ambitione
822 889 950 950 tuntum
977 887 1162 964 comuptum
1193 882 1311 963 hrisse3
1344 883 1394 950 ita
1425 884 1511 950 enim
1543 884 1677 952 ambitio
1709 903 1773 952 non
1805 901 1973 952 commune

287 990 441 1070 omnium,
464 988 523 1056 sed
543 989 607 1070 ipsi
628 989 792 1070 proprium
812 987 929 1056 vitium
949 986 1098 1054 fnisset.“

442 1092 520 1159 Jam
542 1092 693 1174 deinceps
716 1091 759 1159 ad
780 1091 918 1158 alteram
939 1091 1163 1173 quaestionum
1184 1089 1277 1157 nobis
1298 1089 1535 1173 propositarum
1551 1091 1711 1176 aggressi,
1727 1109 1790 1174 quo
1804 1093 1970 1175 ,111111ι

286 1213 460 1280 pronomen
480 1195 685 1276 referendam
706 1193 765 1276 sit,
788 1195 887 1262 facile
908 1193 1137 1278 intelligemus.

442 1299 479 1369 si
500 1317 670 1381 ponamus,
693 1299 927 1388 11,,111111“,
950 1299 1034 1380 quod
1054 1296 1188 1378 Lipsius
1215 1302 1250 1364 et
1271 1297 1413 1380 'ihysius
1440 1297 1569 1380 volunt,
1597 1298 1639 1366 ed
1664 1316 1777 1366 uocem
1799 1297 1970 1383 ,.cupr'du“

287 1405 460 1488 pertineat,
483 1402 648 1470 sententia
680 1399 835 1482 efficitur,
868 1419 932 1483 qna
957 1399 1040 1468 nihil
1065 1399 1142 1468 novi
1162 1397 1329 1482 prioribus
1357 1401 1552 1484 adiungatur
1578 1419 1682 1484 neque
1703 1401 1848 1469 narratio
1869 1399 1969 1466 ullum

287 1524 494 1591 progressum
515 1506 650 1586 habeat;
671 1505 785 1573 eadem
807 1505 892 1572 enim
914 1523 986 1572 cum
1006 1503 1132 1592 :ceteris
1161 1504 1335 1572 ambitione
1364 1523 1400 1570 se
1433 1510 1617 1587 corruptum
1648 1505 1751 1572 inisse
1783 1503 1970 1585 Sallustius,

287 1610 427 1692 scriptor
448 1609 503 1676 ille
525 1608 684 1675 adstricta
704 1608 868 1676 brevitate
889 1627 968 1690 prae
990 1607 1066 1674 aliis
1088 1607 1241 1691 insignis,
1263 1607 1356 1675 modo
1377 1608 1581 1690 praegressis
1603 1609 1668 1675 iam
1689 1607 1790 1676 semel
1810 1606 1968 1676 narravit.

442 1713 489 1779 Et
510 1711 687 1780 cavendum
708 1716 775 1790 est,
797 1730 839 1778 ne
861 1710 932 1794 quis
953 1710 1149 1779 namationis
1171 1729 1379 1806 progressum
1399 1711 1534 1779 uocibus
1556 1711 1669 1799 ,sumu
1690 1716 1795 1798 utque
1816 1712 1967 1779 iucidtu“

286 1815 358 1884 fieri
379 1819 487 1898 putet;
508 1815 584 1882 hnic
605 1816 690 1882 enim
711 1815 760 1883 rei
783 1815 907 1895 obstat,
930 1814 1013 1896 quod
1039 1815 1101 1880 hae
1128 1833 1241 1895 voces,
1270 1815 1400 1897 quibus,
1429 1815 1506 1897 quid
1532 1815 1708 1882 ambitione
1736 1811 1886 1882 effectum
1912 1813 1969 1896 sit,

286 1918 498 2004 significatur,
519 1919 706 2000 pronomina
729 1921 893 1998 „endem“
914 1935 978 1985 non
998 1917 1138 2000 repetito
1160 1935 1225 1985 non
1245 1918 1338 1985 modo
1353 1919 1519 2001 gravitate
1534 1919 1593 1986 sed
1605 1917 1839 2001 perspicuitate
1853 1933 1968 1984 sensus

286 2041 417 2107 prorsus
440 2026 567 2101 carent;
591 2021 756 2102 quominus
779 2025 888 2087 antem
909 2020 990 2087 illud
1011 2021 1231 2103 suppleamus,
1254 2021 1324 2105 ipse
1346 2023 1517 2089 uerborum
1539 2023 1617 2089 ordo
1639 2040 1698 2089 nos
1720 2021 1863 2103 impedit.

442 2124 566 2211 Quodsi
586 2142 760 2206 pronomen
782 2127 944 2206 „eodem‘
971 2143 1043 2190 oum
1069 2125 1195 2205 verbis,
1224 2143 1305 2207 quae
1331 2133 1522 2208 sequuntur,
1556 2126 1729 2194 cohaerere
1761 2124 1968 2192 manifestum

287 2236 353 2312 est,
375 2246 494 2312 magna
516 2227 646 2294 exsistit
669 2227 830 2310 quaestio,
852 2245 928 2294 num
949 2227 1140 2295 nominativi
1166 2246 1209 2294 an
1229 2227 1368 2296 ablativi
1388 2246 1484 2296 casus
1505 2229 1609 2295 locum
1631 2228 1785 2296 obtineat.
1886 2265 1888 2270 ·

440 2331 478 2400 Si
501 2350 572 2398 curn
594 2329 739 2416 omnibus
761 2329 831 2398 iere
853 2331 1047 2412 editoribus,
1071 2330 1183 2398 Oortio
1204 2329 1396 2427 praeeunte,
1420 2333 1582 2413 „eadem“
1603 2333 1639 2400 vi
1660 2351 1755 2400 casus
1776 2331 1968 2400 nominativi

286 2437 492 2519 accipiamus,
515 2434 549 2502 11
570 2433 704 2502 vocibus
727 2433 841 2522 ,suma
863 2438 968 2522 utque
988 2437 1139 2502 irm'dio‘⁴
1162 2453 1184 2500 a
1204 2453 1284 2503 voce
1308 2436 1474 2519 „atpium
1498 2441 1654 2504 commate
1677 2435 1846 2503 disiunctis
1868 2433 1967 2502 offen·
2020 2435 2025 2448 ‘

286 2541 397 2610 11111
419 2556 553 2606 neccsse
576 2542 643 2617 est;
665 2537 732 2604 illis
754 2538 855 2615 enim,
884 2536 961 2619 quid
981 2537 1157 2604 ambitione
1185 2535 1334 2603 effectum
1361 2537 1420 2616 sit,
1449 2537 1626 2620 significari
1658 2557 1793 2621 eamque
1825 2540 1866 2605 ob
1898 2557 1967 2605 rem

285 2643 487 2730 particulam,
510 2659 574 2724 qua
595 2641 828 2708 sententiarum
850 2640 934 2707 ratio
956 2640 1221 2723 perpetuitasque
1235 2640 1405 2720 indicetur,
1421 2640 1535 2708 deesse
1549 2660 1612 2708 non
1625 2661 1721 2725 posse
1735 2641 1800 2708 iam
1815 2641 1968 2709 Kritzius

285 2752 376 2816 recte
397 2744 637 2814 animadvertit.
683 2743 752 2830 Qut
774 2743 920 2825 copulam
949 2747 1056 2829 „qruc“
1091 2761 1112 2809 1
1138 2743 1292 2813 1111111111
1325 2745 1520 2828 praegnanti
1551 2763 1649 2812 sensu
1682 2749 1738 2826 „ct
1757 2747 1967 2832 properem

285 2852 416 2934 saepius
438 2852 626 2930 usmpatam
647 2848 708 2914 hoc
729 2846 799 2914 loco
828 2847 987 2914 excidisse
1015 2846 1198 2929 suspicatus
1226 2850 1456 2934 „eodemque“
1484 2847 1692 2930 scripturam,
1726 2848 1843 2931 quippe
1875 2847 1968 2914 cuius

283 2953 427 3037 vestigia
449 2952 484 3018 11
504 2951 665 3019 nonnullis
687 2951 851 3018 codicibus
874 2951 1083 3036 „eademque
1104 2953 1260 3017 ceteror“
1282 2950 1509 3018 exhibentibus
1532 2957 1714 3032 exstarent,
1737 2951 1831 3018 unice
1853 2969 1965 3018 veram

284 3055 451 3126 iudicavit.
495 3055 590 3122 Haec
611 3072 689 3123 uero
711 3053 837 3122 Kritzii
859 3053 1045 3120 coniectura
1067 3053 1238 3134 quominus·
1253 3054 1346 3120 nobis
1368 3053 1532 3135 probetur,
1555 3055 1801 3152 sensusverbis
1823 3054 1965 3122 auctoris

283 3161 395 3229 illatus
417 3161 536 3227 obstat.
580 3158 637 3224 An
665 3175 793 3236 censes,
821 3155 1026 3237 Sallustium,
1055 3159 1176 3238 quanta
1201 3162 1274 3224 erat
1300 3157 1335 3223 11
1362 3157 1494 3224 dicendo
1521 3157 1684 3226 brevitate
1717 3177 1757 3224 ac
1789 3159 1964 3242 gravitate,

284 3265 368 3334 hanc
390 3263 585 3330 sententiam
606 3267 675 3328 tam
697 3260 812 3340 levem,
834 3277 875 3326 ne
898 3259 1013 3338 dicam,
1035 3259 1208 3328 absurdam
1221 3259 1367 3342 proferre
1381 3260 1540 3342 potuisse:
1564 3260 1650 3347 Quia
1664 3261 1776 3328 eadem
1790 3279 1852 3346 ego
1868 3266 1965 3344 etque

286 3367 388 3437 ceteri
408 3365 539 3434 honoris
562 3365 711 3447 cupidine
731 3365 891 3443 vexabar,
915 3363 1028 3430 eadem
1050 3381 1113 3445 qua
1135 3363 1184 3429 illi
1205 3362 1294 3430 fama
1321 3368 1418 3446 atque
1445 3363 1568 3432 invidia
1595 3363 1807 3432 laborabant
1849 3363 1904 3432 Ac
1935 3364 1965 3440 si

164 3512 166 3518 «
285 3471 379 3538 huius
405 3470 455 3537 rei
481 3487 540 3551 per
572 3487 608 3534 so
640 3467 745 3550 ipsam
770 3458 949 3536 intellectu
964 3465 1139 3534 facillimae
1167 3467 1360 3554 mentionem
1386 3467 1496 3534 facere
1527 3485 1659 3550 prorsus
1691 3485 1965 3551 supervacaneum

284 3593 348 3642 non
370 3576 472 3640 esset!
499 3571 677 3638 Kritziana
698 3570 800 3653 igitur
821 3569 1002 3637 emendatio
1025 3570 1170 3652 quamvis
1192 3571 1340 3653 speciosa
1361 3575 1470 3638 tamen
1491 3571 1584 3638 nobis
1606 3590 1670 3640 uon
1691 3572 1797 3656 magis
1819 3570 1965 3638 arridere

284 3681 409 3763 potest,
432 3657 526 3758 quam
547 3673 726 3754 Dietschii,
750 3692 791 3740 ex
813 3691 877 3756 qua
897 3691 1009 3752 sensu,
1033 3690 1126 3756 quem
1153 3673 1209 3741 ille
1236 3673 1380 3757 flagitat,
1407 3692 1472 3741 non
1498 3679 1621 3742 mutato
1654 3675 1818 3755 „uouere
1840 3677 1966 3761 cupido

285 3783 407 3850 codem
428 3775 1015 3864 1111111111111111111111111ιό
1038 3775 1209 3860 legendum
1230 3778 1284 3845 sit.

441 3879 528 3967 Quid
549 3879 674 3963 igiturtl
707 3879 800 3947 Nihil
826 3879 892 3946 iam
920 3879 1057 3961 amplius
1078 3881 1171 3948 nobis
1193 3881 1331 3963 relinqui
1352 3881 1497 3961 videtur,
1525 3898 1620 3964 qnam
1641 3889 1678 3949 ut
1700 3881 1858 3950 Gronovii
1879 3881 1964 3948 1111·

285 4004 347 4069 que
375 3989 571 4052 sectatorum
593 3983 741 4050 Jacobsii
769 3989 804 4050 et
830 3983 969 4051 Jordani
1001 3981 1194 4065 scripturam
1225 4002 1267 4051 ex
1300 3985 1484 4052 coniectura
1518 3990 1621 4052 ortam
1655 3986 1817 4065 „honoria
1839 3986 1964 4071 cupido

278 4091 407 4158 eedem
429 4089 499 4178 quui
520 4087 768 4174 1111111111ηὰ
789 4090 894 4173 utque
914 4089 1064 4156 inciditi‘
1087 4087 1327 4170 amplectamur.

441 4189 563 4275 Quodsi
584 4179 711 4257 ratione
733 4209 847 4260 sensus
869 4192 982 4259 habita
1003 4193 1129 4260 omnino
1151 4192 1232 4258 nihil
1254 4192 1422 4272 interesse,
1443 4197 1550 4260 utrum
1565 4193 1647 4260 hauc
1662 4211 1704 4258 an
1717 4191 1842 4258 Kritzii
1856 4207 1965 4258 emen·

285 4293 449 4362 dationem
475 4311 660 4376 sequamur,
688 4312 730 4360 ex
755 4296 927 4362 verborum
953 4301 1118 4363 structura
1144 4295 1350 4362 manifestum
1372 4301 1438 4375 est,
1460 4296 1524 4378 ipsi
1546 4313 1670 4377 quoque
1691 4295 1838 4362 adhunc
1859 4293 1963 4360 locum

285 4403 358 4466 arte
380 4395 589 4464 coniecturali
611 4398 787 4465 sanandum
809 4398 1005 4466 adducimur.
1049 4399 1195 4466 Primum
1216 4399 1317 4482 igitur
1331 4399 1374 4467 ad
1388 4418 1429 4465 ea
1442 4398 1662 4482 respiciamus
1678 4417 1760 4481 quae
1776 4395 1963 4482 quaestione

284 4507 398 4570 nostra
419 4500 483 4568 iam
505 4499 623 4568 effecta
643 4505 733 4581 sunt;
756 4515 795 4568 ac
817 4501 891 4568 dein
913 4502 1105 4585 scripturam
1127 4502 1230 4585 ipsam
1251 4503 1285 4570 11
1307 4502 1470 4570 codicibus
1493 4502 1566 4570 aliis
1589 4501 1686 4570 aliam
1709 4501 1804 4584 paulo
1827 4499 1963 4582 diligen·

281 4606 351 4672 tius
373 4605 563 4672 intueamur.

439 4708 546 4792 Supra
567 4711 675 4775 autem
696 4709 815 4778 haecce
838 4708 1057 4777 demonstrata
1078 4714 1167 4776 sunt:

306 4811 456 4895 primum:
491 4829 635 4892 sensum,
659 4830 752 4893 quem
773 4813 939 4894 Kritaius,
963 4813 1167 4892 Dietochius,
1190 4812 1248 4879 alii
1270 4813 1345 4880 huic
1366 4813 1436 4881 loco
1465 4813 1571 4880 inesse
1600 4813 1784 4895 opinantur,
1813 4831 1834 4879 1
1855 4814 1964 4878 mente

491 4913 639 4984 Sallustii
659 4935 732 4984 esse
747 4916 978 4984 alienissimum
993 4917 1127 5000 ideoque
1141 4915 1288 4986 voculam
1303 4921 1410 5004 „que‘
1425 4917 1603 4999 pronomini
1619 4919 1780 4999 „arrdem“
1796 4914 1963 4981 aKritaio

1680 5019 1763 5087 falso
1786 5018 1964 5099 adiectam
